1629 2818
136 242 251 295 ἀπολλύων
268 251 379 306 (Aponi),
394 250 432 304 11)
447 252 527 292 insunt.
548 250 627 305 quue
643 251 745 308 injustius
762 264 789 292 en

137 324 181 367 hoc
196 316 301 368 vocabulo
320 327 470 379 argumentum
489 328 576 380 petunt,
600 327 659 381 quod
676 328 723 384 ejus
738 326 788 368 loco

136 400 195 442 aliud
207 401 297 443 adhibet
304 399 455 454 Apocalypsis,
470 400 546 441 loanni
560 400 637 442 eodem
650 415 715 444 sensu
726 414 788 457 aeque

135 476 256 531 peculiare,
273 466 374 517 nimirum
388 466 515 534 ἀποθνήσκω
531 475 600 530 apoc.
615 475 636 527 3,
653 476 674 517 2.
688 477 739 518 coll.
755 489 786 521 en.

136 551 157 601 o,
173 550 209 592 uo.
225 552 246 602 s,
261 550 297 592 οι,
310 538 346 591 24.
362 550 401 601 11,
416 550 446 590 ao
468 549 547 603 (confr.
563 562 595 590 ιν.
608 549 630 601 ο,
646 549 676 591 eo
689 564 739 592 cum
754 562 786 591 vv.

135 623 171 666 51.
187 625 232 677 39).
306 660 309 664 .

192 699 238 755 φῶς
255 711 341 754 quoque
356 706 379 740 et
395 698 473 743 σκοτία
491 698 595 740 vocabula
611 702 671 750 sunt,
695 713 743 754 quae
760 699 787 741 ad

135 773 214 827 stylum
222 773 310 815 Joannis
320 774 467 828 dogmaticum
475 774 581 831 imprimis
590 776 700 828 pertinent
705 790 711 826 3
724 775 787 817 ideo-

135 863 178 904 que
194 850 229 891 vix
242 852 304 890 recte
321 849 443 903 postulant,
468 851 528 891 utin
543 850 611 903 Apoc.
627 849 786 893 eodemmodo

135 924 233 966 adhibita
248 924 391 977 reperiantur.
432 923 509 978 Neque
526 915 597 964 tamen
617 938 734 966 consensus
749 937 787 965 ve-

134 1001 199 1056 stigia
208 1001 293 1041 desunt.
314 998 361 1054 φῶς
376 999 484 1040 invenitur
498 1001 521 1040 in
535 1000 604 1055 Apoe.
621 998 649 1039 de
663 999 714 1039 luce
730 998 786 1052 phy-

76 1081 78 1084 ’
134 1075 192 1117 sica:
215 1075 257 1127 18,
274 1073 310 1114 22.
330 1073 370 1125 22,
389 1073 404 1114 5
423 1074 465 1126 (sio
483 1088 570 1130 quoque
589 1071 673 1131 φωτίζω
691 1074 731 1125 18,
750 1072 786 1129 1);

136 1150 194 1191 idem
212 1150 236 1191 in
250 1162 281 1190 ev.
296 1148 334 1199 11,
351 1149 373 1190 9.
388 1149 424 1190 lo.
450 1149 588 1193 Profundior'
602 1148 667 1204 hujus
687 1147 786 1190 vocabuli

135 1237 188 1265 usus
205 1225 295 1278 apparet
311 1237 338 1265 ex
352 1224 421 1280 Apoc.
437 1224 478 1277 21,
497 1226 581 1266 1o.11.
603 1218 644 1284 τὴν
664 1216 725 1268 πόλιν
745 1216 787 1283 την

135 1291 200 1355 οἱγίαν
225 1290 368 1358 Ἰερουσαλὴμ
392 1297 567 1355 καταβαίνουσαν
593 1297 619 1340 ἐκ
637 1297 676 1340 τοῦ
697 1283 793 1353 ον’ρανοιί

135 1367 179 1419 ἀπὸ
195 1373 234 1417 τοῦ
247 1372 304 1426 θεοῦ,
322 1372 414 1428 ἔχουσαν
426 1367 467 1433 την
479 1365 548 1427 δόξαν
563 1370 602 1415 τοῦ
617 1372 668 1416 θεοῦ,
677 1365 688 1415 ὁ
697 1366 785 1431 φωστὴρ

136 1465 205 1508 αντης
223 1451 265 1490 etc
280 1446 341 1503 (coll.
359 1463 389 1490 vv.
405 1446 463 1503 sqq.)
478 1447 517 1500 21,
532 1446 568 1488 23.
589 1437 673 1530 ηὸόξα
688 1447 727 1491 τοῦ
741 1446 786 1500 θεοῦ

59 1535 62 1543 “
134 1517 237 1612 ἐφώτισεν
253 1513 321 1582 αὐτὴν
339 1522 379 1579 (se
397 1516 437 1584 τὴν
453 1513 524 1574 πόλιν)
541 1518 579 1564 καὶ
595 1513 606 1563 d
622 1518 701 1578 λύχνος
715 1516 786 1584 αὐτῆς

133 1614 159 1642 το
172 1590 243 1655 οίρνίον
260 1599 288 1650 (ν.
302 1598 343 1654 24)
359 1597 398 1642 καί
412 1589 581 1682 πεοιιτατησονσι
592 1589 649 1640 cole
639 1596 686 1656 νέθη
651 1591 734 1641 ὃθια
746 1612 785 1640 τον

134 1687 207 1730 φωτος
221 1664 297 1731 αιίτης.
311 1672 353 1724 22,
368 1671 396 1715 5:
416 1665 491 1729 κύριος
508 1685 518 1712 ο
535 1664 580 1722 θεος
600 1676 675 1726 φωτιεῖ
695 1664 728 1715 εἰτ
739 1687 784 1715 αν-

132 1740 195 1798 τοθς,
209 1759 256 1801 quce
271 1747 368 1799 loca,t
342 1751 368 1788 ut
383 1746 489 1788 sermonis
500 1742 620 1786 similitudo
633 1748 750 1800 eognoscat
752 1759 783 1797 ur,

133 1821 277 1883 comparanda
288 1826 338 1863 sunt
352 1836 400 1862 cum
413 1834 445 1862 ev.
458 1820 479 1878 1,
496 1819 522 1861 9:
538 1833 563 1861 το
555 1811 659 1873 φῶς
636 1834 667 1873 το
680 1810 783 1877 αληθινον,

76 1893 77 1896 ’
132 1889 144 1940 ‘0'
159 1893 246 1953 φωτίζει
260 1887 334 1940 ποίντα
347 1889 460 1953 ἄνθρωπον.
477 1890 538 1944 l,'5=
554 1885 580 1935 τὸ
595 1892 641 1950 φῶς
658 1882 680 1938 ἔν
690 1894 721 1951 τῇ
733 1903 783 1938 σκοὶ

132 1969 171 2014 τία
187 1970 257 2028 φαίνει
272 1971 295 2023 (l
312 1971 361 2012 Joh.
377 1970 403 2031 2,
420 1970 453 2025 S).
467 1967 494 2021 5,
508 1966 550 2007 35:
574 1958 588 2007 d
602 1960 706 2022 λνχνος
695 1981 705 2009 ο
722 1961 784 2012 καιό-

135 2060 197 2101 μενος
210 2042 249 2088 καί
266 2060 305 2102 φα
306 2060 352 2090 νων
371 2036 433 2100 uncie
450 2041 474 2087 δὲ
492 2033 516 2102 ηθ
518 2034 610 2100 ελησατε
628 2034 783 2102 αηαλλιαθηναι

133 2112 188 2174 ποὸς
203 2112 259 2175 ὥραν
276 2118 297 2162 ἐν
311 2118 342 2177 τῷ
358 2133 405 2175 φωτ
397 2116 413 2161 l
426 2109 499 2161 αιίτοῦ.
513 2114 573 2171 lep
586 2117 607 2167 1,
621 2110 678 2158 5
656 2132 666 2160 ο
681 2111 783 2174 θεοςφῶς

134 2190 172 2244 egi.
204 2193 243 2233 Illa
255 2191 420 2248 Apocalypseos
434 2193 500 2234 verba
518 2193 637 2247 symbolice
658 2207 707 2234 esse
726 2193 783 2249 dicta

133 2280 200 2323 quum
213 2267 282 2307 totius
298 2268 349 2311 libri
361 2269 455 2320 indoles,
470 2281 514 2310 non
525 2280 568 2319 res,
584 2266 624 2310 sed
634 2280 708 2308 rerum
724 2279 782 2320 sym-

132 2342 184 2385 bola
198 2339 262 2383 nobis
274 2340 426 2396 describentis,
439 2346 487 2384 tum
497 2356 565 2384 nexus
576 2342 636 2383 illius
647 2342 692 2390 loci
703 2331 782 2396 (dpoo.

132 2417 173 2470 21,
189 2416 219 2459 12
234 2414 293 2473 sqq.)
314 2417 436 2478 luculenter
455 2416 558 2461 ostendit.
598 2415 662 2479 Quod
676 2410 782 2475 praeterea
