1629 2818
466 163 507 203 15⁰

174 309 274 351 nusquam
290 298 386 337 accurate
401 292 496 346 exponit,
517 298 540 333 ut
559 298 658 348 quantum
671 296 745 337 Joanui
758 298 796 337 tri-

174 370 279 411 buendum
296 371 325 410 sit
338 380 379 408 uon
392 369 496 418 appareat.
518 366 566 405 Alio
579 366 627 405 loco
642 369 671 421 (p.
688 370 739 421 390)
753 374 795 410 sta.

173 443 226 495 tnit,
240 442 302 496 regni
318 440 381 481 diriui
394 439 502 478 victoriam
518 437 544 477 de
559 438 636 478 mundo
650 441 795 491 reportandam

174 517 203 556 ita
218 514 292 554 loanni
305 512 372 553 fuisse
383 512 506 561 revelatam,
522 514 547 550 ut
561 512 584 551 iu
596 510 658 552 factis
672 510 800 563 quibusdam

172 587 280 627 historicis
294 585 335 637 ipsi
347 584 459 637 conspicua
470 584 538 622 fieret.
560 583 610 633 Quae
623 585 641 623 si
649 584 735 623 visionis
749 585 796 624 fne-

172 661 202 699 rit
217 670 296 698 summa
312 656 342 709 (p.
355 656 420 706 391),
439 658 510 708 patet,
533 655 620 695 stamina
633 645 698 696 totius
716 657 795 697 descri-

173 730 251 784 ptionis
267 742 315 769 esse
327 728 430 776 lernaea,
451 729 560 779 ipsamque
577 728 642 767 totius
660 728 710 768 libri
725 719 793 767 ideam

172 803 220 853 (cir.
235 816 256 856 p.
270 801 326 841 380:
344 799 399 848 „eo
415 798 481 849 intere
495 799 632 849 tritioidclong
650 801 682 839 oct
698 798 793 848 ssdtttictco

172 873 240 922 {litidtt
256 876 294 913 uno
308 868 432 925 (herioltd'),
448 884 488 924 qua
501 870 592 910 Liickius
608 873 710 923 imprimis
728 872 794 911 offen-

172 945 234 995 ditur,
247 945 273 984 ab
286 944 389 996 Apostolo
402 946 475 982 nostro
489 945 608 995 nentiquam
620 943 687 982 fuisse
700 943 793 982 alienum.

172 1017 215 1059 Sed
230 1016 270 1056 alio
285 1015 332 1054 loco
345 1016 375 1067 (p.
383 1015 436 1069 403)
450 1014 508 1064 nihil,
522 1015 577 1066 quod
593 1014 618 1053 ad
631 1014 731 1054 Joaunem
744 1027 793 1053 vere

170 1091 287 1144 pertineat,
303 1090 395 1127 statuere
408 1086 501 1135 ridetur,
525 1086 565 1124 nisi
578 1086 633 1138 quod
647 1085 679 1124 illi
691 1087 793 1125 revelatio

172 1162 265 1216 quaedam
278 1160 397 1211 contigerit.
425 1158 470 1196 Hac
486 1159 590 1197 sententia
601 1157 700 1210 admissa,
715 1158 792 1208 quaevis

171 1234 258 1286 originis
268 1228 396 1282 Apostolicae
405 1230 493 1280 vestigia
508 1242 534 1268 ex
543 1231 669 1282 Apocalypsi
684 1229 799 1277 tolluntur.v

229 1300 340 1354 Temporis
360 1312 444 1352 quoque
462 1302 543 1341 ratione
563 1302 645 1351 habita,
664 1301 792 1354 hypothesin

170 1373 328 1417 difficultatibus
342 1372 399 1411 haud
411 1371 526 1412 diffiteudis
540 1375 620 1426 premi,
640 1375 688 1426 ipse
701 1372 806 1418 Liiokius

170 1448 200 1501 (p.
215 1446 267 1493 403)
282 1445 374 1484 sensisse
387 1444 476 1483 ridetur.
767 1428 769 1434 ¹

224 1518 258 1557 Ex
270 1518 309 1566 iis,
323 1529 370 1568 quae
385 1516 503 1565 attulimus,
516 1528 575 1568 qnam
589 1517 617 1556 s'it
628 1517 736 1557 arbitraria
749 1517 790 1557 Lii-

169 1589 210 1629 clrii
226 1588 339 1629 inhaere
353 1589 484 1640 conjectura,
503 1600 541 1627 uos
556 1588 673 1628 ostendisse
686 1595 789 1642 putamus.

167 1660 220 1700 Eam
233 1659 362 1710 aliquatenus
374 1659 471 1712 recipere
481 1659 564 1698 videtur
576 1659 654 1699 Paulus
664 1647 790 1701 Heidelber-

136 1769 140 1783 ,
169 1733 238 1785 gensis
256 1730 349 1785 (cuno.
364 1730 436 1782 thrt.
448 1732 477 1773 26
488 1729 559 1783 Schts.
575 1728 625 1780 δῇ
637 1746 658 1783 p.
671 1731 714 1771 458
727 1729 789 1787 squ),

168 1808 190 1842 at
202 1803 254 1843 adeo
269 1805 387 1841 exornatam
401 1807 423 1841 et
440 1805 550 1851 mutatam,
569 1805 593 1841 ut
612 1802 690 1843 Liickio
705 1807 789 1855 probari

168 1889 210 1915 uon
223 1876 298 1928 possit.
326 1862 403 1913 Paulus
419 1877 474 1915 euim
487 1874 587 1914 loannem
601 1875 659 1915 illurn
674 1876 788 1929 Presbyte-

169 1960 214 1985 rum
224 1947 280 1985 haud
290 1948 363 1998 exigua
376 1947 501 1997 scriptorum
510 1946 571 1997 copia
582 1951 649 1985 ornat:
665 1961 706 1987 uon
720 1950 786 1988 solum

175 2019 306 2070 tuucalypsiu
321 2019 432 2070 scripsisse
446 2019 488 2070 ipsi
502 2018 597 2067 videtur,
615 2031 685 2057 uerum
705 2032 787 2073 quoqne

167 2091 267 2141 epstnlas
282 2102 352 2128 omnes
366 2090 478 2130 Joauneas:
495 2102 562 2141 neque
576 2089 598 2129 id
614 2093 705 2131 tautum:
722 2093 786 2132 colle*

166 2162 198 2214 git
213 2173 295 2213 quoquc
306 2160 499 2213 evaugeliiloannei
513 2161 634 2214 fragmenta,
649 2175 720 2214 eaque,
734 2176 785 2203 uou-

164 2232 228 2271 nullis
239 2232 274 2272 hic
289 2231 332 2270 illic
345 2233 432 2283 additis,
453 2235 475 2273 in
490 2238 614 2286 praesentem
628 2234 679 2274 libri
697 2235 785 2275 formam

163 2303 254 2357 redegit.
292 2302 323 2342 ut
339 2303 402 2354 uude,
426 2304 546 2363 dubitanter
565 2304 636 2346 forsan
657 2308 784 2359 quaesiveris,

162 2373 219 2418 unde
234 2374 266 2414 rir
278 2374 315 2415 ille
328 2377 470 2429 sagacissimus
485 2376 507 2416 id
520 2363 618 2430 colligit?
641 2380 696 2430 „wie
711 2380 799 2431 paupe.
