1629 2818
413 132 443 173 36

108 265 199 323 ρομίνην
212 266 303 311 Ιωοίννον
321 257 460 323 ἀποκάλυψιν
480 265 617 321 ἑωρακέναι.)
654 267 755 309 Attamen

108 338 162 381 lieet
176 340 232 401 hanc
246 340 379 397 hypothesin
396 353 440 382 nou
452 351 543 396 prorsus
558 342 653 395 spernat,
667 343 755 387 senteu-

108 413 161 455 tiam
182 415 303 469 oppositam
322 415 343 454 ei
359 414 456 469 praetulit
475 410 598 467 (Demonst.
617 426 649 455 eu.
667 428 689 469 p.
703 414 755 455 386.
772 454 789 473 ³

109 489 144 530 ed.
158 475 321 544 Parisssloae),
335 501 426 544 eamque
441 488 508 530 solam
523 485 672 542 antiquissima
685 487 756 529 ceole·
790 473 792 475 ’

90 578 92 583 ⁴
111 565 150 605 siae
170 549 286 605 traditione
304 564 355 615 niti,
379 564 437 604 haud
460 563 548 604 dubium
568 562 677 616 reliquit·
701 554 756 604 Nam

110 639 147 690 (3,
165 638 205 694 24)
225 637 251 681 ἐκ
268 636 310 696 τῆς
328 637 370 682 τῶν
389 629 484 694 ἀρχαίων
506 635 626 694 μαρτυρίας
644 636 666 682 ἐν
687 635 756 696 οἰκείῳ

110 711 178 767 καιρῷ
200 704 240 769 τὴν
262 708 366 766 ἐπίκρισιν
383 711 469 766 δέξεται
482 708 521 770 καί
537 701 596 769 αὐτή
617 709 667 761 (cfr.
681 710 706 763 3,
723 710 756 762 3).

93 774 95 776 ‚
109 785 214 828 Veterum
235 788 307 827 autem
328 785 355 827 de
371 786 454 828 Joanne
471 785 578 840 Apostolo
593 774 757 840 Apoealypscos

110 865 200 902 auctore
220 860 378 901 dubitationem
395 861 477 901 nullam
491 860 599 915 cognitam
619 860 698 910 habet;
721 858 758 899 Ju-

111 936 203 987 sfinum,
221 924 380 988 Theophilum,
394 934 539 987 Apollonium,
552 933 664 985 lrenoeum,
681 932 758 989 Orige-
798 943 807 953 t

109 1023 159 1051 nem
176 1009 292 1050 authentiae
310 1011 380 1048 testes
399 1009 490 1049 inducit.
528 1008 583 1050 Aliis
597 1022 683 1063 quoque
702 1008 757 1050 locis
811 1021 813 1025 ’

110 1083 258 1139 Apocalypsin
280 1080 342 1122 libris
362 1081 527 1137 antilegomenis
547 1082 643 1139 adJioere
663 1081 700 1138 (6,
722 1082 758 1124 13.

110 1157 170 1209 14.),
191 1157 212 1197 ei
230 1155 316 1197 omuino
334 1168 377 1196 non
397 1156 421 1195 in
438 1160 534 1198 mentem
552 1158 617 1200 venit.
652 1158 703 1213 lpse
721 1157 760 1199 ille

112 1245 177 1286 quem
194 1231 222 1282 3,
237 1229 267 1271 25
281 1228 381 1280 exhibet,
395 1229 500 1272 librorum
513 1245 617 1273 recensus
634 1232 780 1281 traditionis]

111 1303 259 1359 Apocalypsin
273 1303 401 1343 vindicantis
416 1292 507 1357 pondus
518 1305 577 1346 haud
595 1305 689 1346 obscure
704 1305 760 1346 indi-

112 1380 159 1418 cat:
172 1388 207 1416 ἐκ
221 1375 309 1431 scriptis
325 1366 382 1418 enim
398 1377 562 1432 antilegomeuis
578 1379 624 1434 sola
638 1378 760 1434 Apocalyp-
780 1365 783 1368 ¹

112 1452 142 1492 sis
160 1450 348 1505 homologumenis
368 1451 467 1494 additur:
489 1453 611 1494 nominatur
628 1465 716 1507 quoque
737 1453 761 1494 iu

112 1525 200 1586 illorum
213 1523 289 1578 classi,
304 1529 326 1566 at
343 1526 404 1580 quasi
418 1528 533 1582 peregrina
548 1526 656 1584 adjicitur,
669 1529 694 1568 ut
709 1525 760 1568 huie

112 1600 162 1643 loeo
178 1602 229 1654 apta
243 1598 293 1642 esse
307 1599 366 1641 haud
381 1599 486 1642 videatur.

110 1728 111 1731 Ἴ
172 1674 243 1737 Quare
254 1675 352 1729 antiquae
368 1676 467 1718 eeclesiae
480 1677 503 1718 in
517 1675 624 1730 Apostolo
638 1674 761 1730 Apocalyp-

113 1762 164 1791 seos
189 1752 279 1792 auctore
303 1750 440 1805 agnoscendo
463 1736 593 1792 consensum
615 1748 642 1790 ab
662 1748 761 1812 Eusebio

113 1824 201 1866 minime
215 1823 305 1866 dubium
323 1824 398 1885 reddi,
421 1823 559 1881 manifestum
578 1826 625 1883 est;
646 1823 761 1879 ipsumque

114 1901 140 1943 ab
156 1899 256 1941 eeclesiae
271 1899 389 1941 traditione
403 1898 460 1942 haud
475 1898 616 1955 discessisse,
639 1911 702 1953 quam
717 1909 762 1941 ma*

112 1976 171 2017 ‘xime
182 1974 307 2017 verisimile.

408 2107 429 2162 ρ.
446 2107 468 2147 o.

94 2225 95 2228 =
176 2197 291 2251 Quantillae
309 2198 392 2240 fuerint
411 2195 547 2250 auctoritatis
568 2196 612 2237 illae
629 2200 705 2238 contra
724 2209 762 2237 au-

114 2273 220 2316 thentiam
234 2273 285 2314 libri
297 2274 367 2315 nostri
379 2272 525 2314 dubitationes
534 2270 682 2325 aquibusdam
690 2274 762 2322 motae,

115 2349 181 2392 docet
196 2361 283 2405 quoque
296 2347 450 2389 ecclesiasticae
465 2346 588 2400 traditionis
603 2348 692 2401 postea
707 2348 762 2388 tem-

74 2480 75 2484 *
114 2439 168 2481 pora
184 2422 318 2474 constantia,
339 2420 453 2476 perfectus
470 2412 661 2477 celeberrimorum
676 2424 762 2476 patrum
