1629 2818
275 102 462 191 wricf'

95 263 138 317 Qui
153 263 184 303 ita
197 250 276 318 agunt,
296 258 483 316 nonssdiocipulom
505 261 544 302 sed
559 263 652 306 arbitros
667 264 738 307 Sacrae
757 287 758 290 =

87 338 216 394 ‘Scripturas
229 331 253 379 se
268 337 353 391 gerunt.
403 341 405 344 ·
430 342 431 347 ’

156 414 228 469 Hujus
247 402 554 467 criseas'argumentationem
571 415 634 469 quain
650 410 740 455 maxime

97 502 146 531 esse
166 487 299 531 arbitrariam
320 486 441 539 saepissime
460 486 563 529 videmus.
599 488 741 530 Manifestum

96 566 143 621 ejus
159 564 192 604 rei
208 560 328 614 exemplum
339 559 442 602 exhibent
455 547 570 603 sententiae
585 562 613 602 de
625 562 741 617 stylo‘pri-
761 565 763 568 ’

48 661 49 664 “
96 641 140 683 oris
157 638 183 679 ad
200 635 338 678 Timotheum
355 635 518 688 epistolaelatae
536 636 578 677 sibi
594 637 686 678 invicem
702 650 741 691 op·
801 641 804 646 ’

96 716 180 771 positae.
212 709 399 752 Schleiermacher
417 709 487 766 (tiebat
505 713 523 752 b.
539 710 580 761 rrst.
596 709 638 752 iit.
652 714 669 752 o.
685 700 741 760 ‘iiam

97 791 128 831 tui
141 797 166 829 on
182 790 200 828 b.
215 784 303 838 Zlmott).
319 798 339 839 p.
349 784 379 827 34
394 797 440 839 sqq.
455 799 476 839 p.
485 775 548 840 12'8.)
559 774 651 842 ceteras
666 797 741 826 omnes
794 811 796 813 -

94 862 159 906 Pauli
174 851 280 915 epistolas
293 860 329 901 his
344 860 415 901 literis
430 860 553 901 elocutione
569 862 674 914 praestare
690 872 741 901 cou-

95 937 178 987 tendit;
202 933 348 977 llichhoruius
364 938 438 975 contra
454 947 528 975 omnes
545 935 648 989 epistolas
667 939 741 990 pasto-

95 1012 152 1055 rales
165 1008 333 1064 perspicuitate,
356 1007 511 1061 concinnitate,
533 1008 640 1064 elegantia
656 1012 741 1050 ornatas
795 1006 800 1011 ⁴

96 1086 162 1136 dicit,
187 1097 236 1139 quae
256 1084 278 1123 in
299 1083 379 1123 ceteris
400 1073 463 1123 Pauli
481 1083 580 1137 epistolis
603 1082 742 1125 desideretur

97 1159 163 1216 (litat
179 1158 238 1202 Μ’).
254 1158 267 1199 1
282 1156 310 1208 52.
326 1170 347 1211 pi
361 1154 424 1211 319).
468 1183 475 1196 ,-
515 1171 518 1173 “

156 1235 210 1275 Haec
229 1244 273 1273 uon
290 1245 340 1271 eum
360 1231 383 1271 in
398 1231 464 1271 finem
479 1231 617 1285 scripsimus,
639 1235 665 1272 ut
678 1232 742 1273 nobis
760 1260 763 1270 ,

98 1313 166 1354 licere
179 1307 301 1355 videretur,
322 1304 458 1358 objectiones
475 1318 487 1344 a
503 1305 654 1346 crisiiuterua
668 1310 743 1347 contra

97 1378 260 1440 Apocalypseos
276 1378 408 1419 autlieutiam
424 1377 519 1431 prolatas
536 1378 609 1419 obiter
626 1380 696 1420 solum
711 1384 743 1421 at·
787 1388 789 1391 “

97 1459 193 1513 tingere,
214 1453 274 1508 quasi
288 1453 350 1494 crisis
365 1453 403 1494 illa
418 1452 481 1506 digna
495 1465 538 1493 non
553 1456 623 1504 esset,
645 1452 693 1508 quae
710 1453 743 1496 ai·-

98 1531 207 1589 gumentis
228 1526 373 1575 refutaretur3
403 1528 538 1583 agnoscimus
557 1527 626 1579 enim,
652 1529 743 1571 internae

99 1608 182 1649 criseas
195 1605 238 1645 rim
250 1602 274 1643 in
285 1602 418 1656 Apocalypsi
432 1601 577 1655 impugnanda
591 1616 635 1643 non
648 1617 698 1645 esse
709 1592 744 1649 ,viss

98 1677 259 1736 lipendenuam,
275 1690 341 1730 quum
352 1676 388 1716 vel
399 1676 482 1716 eximiae
496 1676 602 1718 doctrinae
618 1679 684 1730 atque
697 1680 744 1732 pie-

93 1758 150 1800 tatis
173 1754 224 1794 viris
247 1764 271 1791 se
293 1752 387 1805 probare
408 1752 512 1804 potuerit.
550 1752 579 1791 At
600 1752 692 1805 primum
713 1754 745 1793 ita
787 1758 790 1762 ’

99 1833 201 1885 apparet,
223 1826 302 1866 librum
321 1838 405 1866 sacrum
423 1838 466 1865 non
483 1838 533 1865 mox
553 1837 603 1886 esse
619 1825 694 1867 dubiae
706 1841 744 1867 au-

99 1906 189 1948 thentiae
201 1900 380 1950 existimandum,
394 1899 452 1953 quod
466 1900 494 1940 sit
509 1900 531 1941 in
546 1899 634 1941 dubium
649 1906 743 1943 vocatus.

99 1980 184 2023 Deinde
199 1991 251 2018 vero
270 1977 344 2028 patet,
366 1973 514 2029 Apocalypsin
524 1974 582 2015 'hanc
599 1981 685 2018 sortem*
695 1991 745 2018 cum

100 2055 174 2097 multis
188 2052 249 2092 libris
264 2050 290 2092 N.
303 2049 330 2091 Τ.
345 2050 427 2090 habere
442 2062 587 2101 communem,
605 2054 745 2106 quos'tameu

101 2129 164 2171 crisis
176 2132 278 2173 ¹accurate
294 2129 317 2164 ct
335 2125 408 2166 sobrie
424 2126 523 2165 instituta
538 2126 560 2166 in
576 2127 691 2180 pristinum
708 2140 745 2166 an·
776 2168 780 2174 R

100 2202 191 2245 thentiae
208 2200 279 2241 locum
294 2201 346 2256 jure
362 2199 466 2240 restituit.
499 2201 541 2253 Qui
558 2201 624 2256 igitur
639 2204 662 2241 et
679 2199 745 2240 tradi-

29 2292 31 2294 ’
100 2278 167 2319 tionis
184 2287 311 2316 eonsensum
327 2277 350 2316 iu
363 2275 495 2329 Apocalypsi
510 2275 618 2330 Apostolo
632 2273 746 2315 tribuenda
762 2314 766 2320 ,

101 2357 124 2396 et
137 2353 229 2394 internae
241 2350 323 2390 criseos
334 2350 444 2390 levitatem
454 2350 477 2390 in
489 2351 556 2391 rebus
570 2349 605 2389 rel
618 2347 746 2390 certissimis
809 2403 813 2408 ἱ

62 2433 65 2440 '
100 2425 251 2483 impugnandis
268 2425 375 2477 cognitam
386 2423 463 2474 habet,
481 2436 541 2477 spem
557 2423 630 2473 fovet,
646 2421 704 2471 fore,
721 2425 746 2461 ut
