1629 2818
398 121 426 164 33

54 256 55 259 ’
90 237 130 316 pro
138 256 250 298 authentia
257 245 488 314 Joannea—oonsensum
497 259 591 299 nontam
600 258 736 315 interrumpi,

90 346 154 388 quam
168 332 299 385 confirmari,
315 329 453 390 manifestum
470 337 510 375 est.
682 332 684 338 ’
716 335 718 337 ’

149 394 522 468 Allegoristmum'interpretatione
534 407 679 461 impugnanda
691 408 738 450 ohi-

73 486 75 489 “
90 481 226 535 liasticisque
241 472 379 536 opinionibus
394 478 535 522 defendendis
551 480 674 524 schismatis
688 494 739 525 euc-

90 558 127 596 tor
142 553 213 605 iactus
228 559 262 605 est
276 557 364 612 Nepos,
385 556 501 611 episcopus
515 554 668 597 Arsinoiticus.
692 543 747 609 Qua

47 628 49 631 ’
90 629 131 671 lite
145 632 193 670 orta
211 634 277 685 atque
295 632 428 682 continuata,
450 632 499 672 fieri
517 642 560 671 non
579 632 663 686 potuit,
688 633 740 686 quin
803 688 804 693 1

64 720 68 725 ’
90 704 233 768 Apocalypsis
257 701 346 748 asseclis
367 706 459 763 Nepotis
483 706 579 748 subsidia
600 705 659 746 haud
677 719 740 763 sper-

2 773 14 801 ¹,
62 835 63 840 1
91 780 161 821 nenda
181 786 260 835 parare
273 781 395 831 videretur.¹
429 781 501 832 Quare
517 780 607 832 accidit,
629 784 655 821 ut
670 794 740 837 oppo-

92 856 141 896 sitae
154 857 222 910 partis
235 858 355 896 sectatores
370 856 467 897 nonnulli
484 847 556 912 (τινὰς
567 853 610 898 τῶν
623 848 664 912 πρὸ
678 848 740 915 ἡμῶν

92 928 210 982 Dionysius
226 942 264 971 eos
276 930 358 986 vocat),
373 943 444 984 neque
458 919 548 971 numero
561 943 632 985 neque
647 931 741 972 auctori-

92 1007 148 1054 tate,
164 1008 190 1044 ut
202 1004 299 1055 videtur,
322 1004 430 1055 valentes,
454 1006 539 1046 rixandi
555 1004 629 1045 studio
646 1004 739 1060 abrepti,

91 1077 238 1138 Apocalypsin
254 1079 341 1120 Joannis
356 1079 458 1133 Apostoli
479 1093 528 1121 esse
546 1082 663 1133 negarent,
687 1079 741 1121 Alo·

92 1165 212 1207 gorumque
229 1151 350 1206 exemplum
368 1154 467 1205 sequuti,
487 1149 623 1193 acerimho‘
639 1166 687 1194 eam
701 1153 741 1194 fic-

92 1231 137 1267 tam
153 1225 316 1267 contenderent.
343 1223 441 1275 Quorum
456 1227 554 1280 opinioni
568 1227 624 1269 nihil
636 1228 741 1284 ponderis

57 1338 60 1341 .
92 1300 231 1361 tribuendum
249 1313 311 1351 esse,
335 1302 358 1339 et
374 1301 422 1354 ipsa
441 1301 489 1355 ejus
504 1300 590 1342 indoles
605 1305 628 1342 et
641 1302 742 1358 Dionysii

93 1377 215 1430 exemplum
236 1389 276 1417 nos
300 1374 371 1415 docet.
414 1373 531 1415 schismati
550 1375 616 1416 finem
636 1377 742 1431 imposuit

92 1447 218 1502 Dionysius,
235 1449 354 1491 Goracione
367 1447 515 1503 disputatione
528 1450 593 1501 victo,
608 1452 741 1506 scripsitque

92 1528 180 1582 postea,
198 1524 274 1565 harum
290 1534 363 1568 rerum
379 1523 463 1562 ratione
480 1522 564 1574 habita,
586 1521 633 1578 περὶ
649 1521 741 1580 ἐπαγγε-

92 1599 142 1644 λιῶν
155 1599 224 1641 libros
238 1598 305 1648 duos,
319 1610 411 1651 quorum
426 1598 449 1638 in
463 1596 530 1638 altera
538 1596 685 1652 Apocalypsin
698 1610 742 1639 non

94 1662 144 1716 esse
158 1673 271 1729 Apostoli,
287 1671 326 1713 sed
337 1668 425 1713 Jo'anms
439 1669 551 1724 eujusdam
563 1672 637 1725 ignoti
648 1673 742 1727 probare

94 1748 191 1798 studuit,
208 1748 299 1788 internis
314 1746 447 1801 argumentis
460 1757 522 1793 usus,
539 1744 658 1805 traditione.
671 1739 742 1789 eccle-

94 1824 133 1864 siae
148 1834 237 1877 prorsus
254 1821 359 1875 neglecta.
394 1819 439 1859 Ubi
455 1831 508 1873 ergo
522 1830 593 1859 sermo
610 1823 645 1860 est
659 1820 688 1878 de
705 1833 742 1860 ex-

93 1898 163 1939 ternis
176 1895 293 1937 authentice
305 1893 443 1948 argumentis,
459 1893 561 1946 Dionysii
573 1896 682 1935 sententia
693 1894 741 1936 nul-

93 1972 141 2014 lius
153 1971 239 2010 omnino
255 1973 289 2010 est
303 1969 419 2017 momenti;
435 1980 482 2007 eam
498 1967 619 2007 examinare
633 1967 693 2009 illius
708 1973 743 2010 est

93 2046 149 2094 loci,
165 2045 203 2097 qui
212 2035 318 2084 internam
329 2042 381 2082 libri
389 2041 486 2082 indolem
501 2040 630 2095 explorabit.
661 2042 742 2086 Liben-

93 2122 129 2161 ter
141 2119 281 2171 ‘agnoscimus
296 2114 432 2155 moderatum
451 2117 473 2154 et
494 2114 590 2155 sobrium
607 2114 707 2170 Dionysii
720 2118 744 2158 in

93 2195 134 2236 bac
149 2190 299 2234 retractanda
320 2190 424 2230 animum:
446 2202 495 2230 eum
514 2202 566 2230 vero
583 2190 607 2231 in
620 2191 743 2247 Apocalyp-

47 2279 48 2283 ’
95 2280 145 2309 seos
164 2280 176 2307 a
195 2264 275 2307 ceteris
296 2264 384 2317 scriptis
403 2262 504 2306 Joanneis
521 2264 644 2307 differentia
656 2267 743 2316 descri-

95 2340 166 2383 benda
181 2341 255 2395 justos
276 2338 331 2379 lines
355 2339 486 2390 excessisse,
510 2339 545 2380 vel
561 2339 655 2381 Liiokius
678 2340 742 2393 (Aioi.

95 2428 116 2470 p.
133 2412 190 2468 329)
210 2412 321 2463 concedit,
345 2412 449 2466 litemque
468 2416 542 2454 contra
560 2413 675 2456 Ghiliastas
695 2428 742 2458 sus-

99 2491 101 2493 ’
592 2494 604 2524 3
