1629 2818
163 70 450 147 '‘,149v

38 233 47 282 J
55 239 126 281 ortum
139 222 195 285 esse,
205 235 364 292 ,Apostolorum
377 234 501 278 nominibus
516 234 539 281 in
555 235 641 289 scriptis
657 247 695 276 no-

53 302 98 363 thas
111 307 218 362 fingendis
232 310 291 352 anun
307 305 332 366 (a
347 310 425 352 Thess.
439 309 467 361 a,
483 308 505 350 2.
517 293 561 370 'afa
577 309 658 351 naseu.
672 309 694 350 a.

54 372 74 425 e.
89 383 111 434 4,
123 382 158 425 23.
172 382 194 435 5,
206 383 261 436 ²⁰·iss
276 387 298 424 at
312 383 365 425 mihi
378 397 421 425 non
433 386 525 436 constat,
539 395 588 437 eum
598 382 624 424 ab
636 384 695 439 Apo-

53 456 118 511 stolis
137 456 207 499 fuisse
225 459 336 500 sancitum.
368 456 418 514 (cfr.
435 449 527 500 Tertull.
548 456 576 498 de
594 456 695 512 baptism.
731 487 732 490 ,

41 545 72 583 uc.
89 531 124 574 17.
155 523 216 575 Hier.
232 533 339 593 catali).
368 532 446 586 Neque
461 532 530 573 minus
545 528 695 590 improbabile,

52 596 157 647 ecclesias
178 606 304 649 christianas
324 607 404 649 librum
424 605 479 661 ipsis
499 604 615 660 scriptum,
637 606 696 660 ipsas
714 644 716 648 .

52 680 89 721 hic
103 680 149 720 illie
163 676 491 735 severesc'astigautem,doanni
504 679 610 734 Apostolo
625 678 696 723 tribn-

52 759 112 797 turas
127 755 210 805 fuisse,
228 753 274 795 nisi
286 754 344 795 illius
361 755 423 809 origo
438 756 466 795 iis
482 759 542 795 certo
559 716 645 809 cognita
660 768 696 795 es-

53 834 93 871 set.
122 829 209 869 indoles
222 828 275 883 iibri
289 841 340 869 num
353 828 453 878 Joannea,
468 841 494 868 an
508 827 612 869 aJoanne
626 829 695 872 aliena
761 847 767 850 ⁴·

3 898 4 904 ¹
36 903 38 910 ’
54 902 145 958 dicenda
159 906 226 960 esset,
242 903 318 945 sinon
334 917 360 945 ex
367 902 467 957 Apostoli
483 901 578 955 scriptis,
595 914 622 942 ex
637 903 695 958 ejus-

53 977 103 1018 dem
116 977 253 1018 institutione
268 978 321 1019 orali
333 978 433 1032 judicare
448 981 573 1030 potuerunt.
600 964 694 1023 ‚Nullane

51 1050 149 1106 Ephesi,
170 1037 294 1102 Sardibus,
308 1049 423 1091 Laodiceae
440 1063 481 1090 vox
503 1054 577 1092 contra
593 1052 695 1108 obJ'urga-

51 1127 123 1168 tiones
138 1124 245 1180 Apostolo
262 1125 385 1180 suppositas
401 1125 472 1165 audita
488 1125 565 1166 esset?

110 1198 219 1249 Eraudem
237 1199 264 1240 ab
280 1200 355 1254 ignoto
372 1199 416 1239 isto
437 1197 545 1252 scriptore
557 1201 695 1245 commissam

9 1269 16 1277 '
39 1274 132 1329 ¹uulgari
147 1274 233 1315 illorum
242 1279 370 1329 'temporum
388 1285 448 1313 more
466 1272 605 1317 excusandam
620 1280 695 1317 censet

51 1347 154 1398 Liickius,
178 1360 247 1401 eaque
266 1346 358 1399 nequis
379 1344 509 1398 offendatur,
531 1348 634 1402 postulat.
665 1349 695 1391 At

52 1423 123 1464 Sacrae
137 1422 257 1476 scripturae
274 1419 391 1461 auctoritas
404 1418 511 1474 perversis
527 1421 572 1461 aevi·
583 1423 694 1478 cujusdam

52 1498 189 1552 opinionibus
204 1495 239 1537 vix
253 1499 288 1536 est
302 1493 480 1550 superstruenda:
495 1497 582 1539 aeteruae
596 1498 694 1538 veritatis

50 1572 131 1627 regulis
146 1575 171 1613 ut
185 1574 314 1626 congruant,
334 1571 386 1625 jure
407 1568 518 1623 exigimus.
548 1567 625 1622 Neque
643 1583 694 1625 pro.

50 1647 117 1701 pheta
136 1649 211 1687 noster
228 1645 280 1685 huic
299 1643 392 1698 indignae
412 1642 530 1696 suspicioni
550 1642 615 1689 ullam
628 1644 694 1696 dedit

51 1733 134 1768 ansam3
158 1719 239 1774 ubique
258 1717 366 1772 probitas,
388 1717 502 1773 integritas
522 1718 638 1772 conspicua
652 1721 693 1771 est,
738 1772 739 1778 1

51 1809 63 1836 a
82 1795 156 1849 quovis
175 1793 289 1835 mendacio
309 1796 332 1833 et
354 1791 431 1834 fraude
454 1791 532 1847 aliena,
556 1793 693 1841 sincerrimns

51 1858 98 1910 veri
113 1882 185 1921 amor,
206 1881 287 1908 summa
306 1867 329 1908 iu
349 1866 441 1909 dicendo
457 1867 559 1922 gravitas,
577 1869 693 1920 seueritas.

29 1958 31 1963 ·
52 1943 100 1986 Sibi
117 1943 269 2002 revelationem
288 1942 417 1995 contigisse,
440 1941 482 1982 sibi
496 1941 549 1997 vejus
571 1943 693 1989 scribendae

50 2030 126 2058 munus
139 1999 239 2058 diuinitus
251 2017 377 2071 impositum
389 2028 445 2069 esse,
458 2015 539 2056 diserte
551 2015 615 2057 dicit:
629 2018 693 2073 eique

50 2092 73 2131 in
86 2091 133 2131 haec
148 2104 173 2131 re
184 2091 253 2132 tidem
267 2091 386 2132 habendam
403 2105 462 2144 esse,
474 2092 543 2138 nobis
554 2092 693 2145 persuasissi-

49 2178 112 2206 mum·
123 2167 163 2207 est.
183 2212 184 2215 Ἴ
452 2170 453 2176 ’
697 2163 698 2166 ’

90 2231 285 2294 ¹Distinguendum
306 2253 356 2281 esse
377 2239 488 2289 contendit
502 2238 595 2285 Liickius
610 2237 692 2286 revela·

2 2352 5 2361 ,
49 2301 131 2356 tionem
146 2313 233 2355 ioannis
250 2314 397 2369 origInariam,
419 2326 466 2361 rem
482 2312 504 2355 in
518 2311 577 2360 facto
591 2314 698 2368 positam,

50 2388 76 2430 ab
89 2387 436 2444 Apocatypseos'compositione:
450 2389 561 2443 utriusque
575 2387 691 2454 discrimen
