1629 2818
353 117 382 160 43

4 248 8 253 ’
37 238 38 242 *
48 250 75 292 de
82 225 210 306 Aoostoliea
218 246 268 296 libri
278 254 362 310 origine
373 228 458 295 omnine
472 263 599 307 persuasum
612 250 689 293 fuisse.

47 324 79 366 si.
90 327 275 393 igiturecclesiae
294 328 406 371 traditioni
424 330 447 371 in
466 327 529 370 libris
548 327 616 368 saeris
634 326 690 367 reei-

45 399 131 453 piendis
147 401 191 442 ulia
206 403 303 447 habenda
322 407 357 448 est
375 404 443 453 fides,
464 402 608 459 Apoealypsis
625 414 638 442 a
653 400 691 441 Jo'-

46 486 101 515 anne
117 476 224 530 Apostolo
240 481 321 535 scripta
338 482 378 521 est.
415 481 486 533 Quare
504 477 546 520 nisi
562 475 690 517 luculentis-

46 550 100 591 sima
116 541 207 594 internae
219 540 302 596 criseos
317 558 442 609 argumenta
456 559 480 596 ut
494 551 624 595 contrariam
639 563 689 591 sen-

44 627 134 667 tentiam
145 629 300 682 amplectamur
313 629 436 670 necessarie
447 629 545 683 exigant,
560 625 611 667 libri
620 624 691 666 nostri
730 666 733 671 ,
766 665 770 668 ,

44 693 178 744 mthentiam‘
196 705 255 746 omni
276 704 399 757 suspicione
417 702 557 746 eximendam*
573 714 622 743 esse
639 701 690 757 J'ure

44 778 118 835 n'ostro
133 761 265 820 contendero
281 778 344 821 nobis
356 778 461 834 uidemur.

200 1056 311 1129 Caput
339 1056 534 1112 seeundum.

61 1182 168 1239 Interea
181 1160 340 1254 *argumenta
354 1197 406 1246 pro
424 1182 555 1230 anthentici
573 1149 675 1246 „ipocri-

233 1267 335 1332 lypscos
353 1267 499 1332 apostolice.

290 1399 435 1408 ——--·--—-=

316 1461 351 1533 ς,
368 1475 403 1518 12.

259 1568 295 1611 Dc
311 1569 363 1610 crisi
378 1567 472 1610 interam

62 1663 64 1666 ’
101 1661 125 1704 In
144 1665 232 1704 auotcre
248 1660 299 1701 libri
316 1644 427 1715 eujusdam
446 1659 567 1715 indagando
584 1675 627 1703 non
642 1662 688 1705 sola

41 1739 166 1780 testimonia
180 1742 269 1779 externa
281 1749 331 1777 esse
345 1734 489 1786 examinanda,
505 1737 597 1790 quisque
610 1750 688 1779 eonce-

42 1813 87 1855 dee
112 1812 199 1856 interna
209 1814 266 1854 enim
279 1811 330 1854 crisi
343 1814 367 1852 et
378 1811 513 1864 traditionis,
529 1810 603 1872 torsan
617 1813 688 1854 minus

42 1888 171 1938 constantis,
198 1886 350 1929 auctoritotem
371 1886 502 1938 confirmari,
529 1874 551 1927 et
572 1876 688 1942 opinionis,

41 1966 125 2003 temere
142 1961 240 2003 sdmissae
254 1965 319 2017 atque
335 1962 435 2013 creditae,
451 1962 616 2016 peruersitatem
627 1965 688 2007 refu-

41 2037 166 2091 tari-posse
179 2039 246 2091 patet.
261 2068 266 2078 .,

102 2112 170 2164 Quam
186 2110 265 2151 idonea
283 2110 312 2151 sit
329 2109 391 2152 crisis
405 2110 504 2161 interna„
522 2124 570 2166 quae
587 2127 637 2155 cum
651 2128 688 2157 ex.

2 2225 3 2230 ,
41 2187 109 2225 ternae
121 2182 203 2225 criseos
217 2185 314 2226 subsidio
329 2186 443 2241 conjuncta
458 2198 568 2228 sacrorum
583 2189 688 2232 librorum

41 2258 192 2316 auctoritatem
211 2262 310 2312 tueatur7
332 2259 385 2301 satis
406 2262 516 2316 cognitum
539 2268 580 2305 est.
616 2263 688 2320 Doqu-

41 2337 115 2375 mento
132 2333 151 2374 si
167 2346 223 2388 opus
239 2338 309 2388 esset,
324 2347 498 2390 ,provocaremus
513 2338 539 2380 ad
555 2340 647 2394 primum
664 2343 688 2383 et

41 2408 159 2451 seeundum
171 2412 236 2464 eaput
248 2410 352 2465 evangeiii
366 2409 477 2462 Matthaei,
494 2426 585 2466 quorum
597 2414 687 2458 authen-
