1629 2818
411 123 513 167 (ἰδ’

105 258 198 301 traditae.
235 259 271 301 Sic
286 259 449 314 neque'divinae
466 261 510 316 legi
528 260 655 316 detrahitur,
671 264 690 304 si
706 255 760 304 edm¹

106 335 239 377 conscientia
248 337 375 390 expressam
391 330 506 378 credimus¹
585 346 590 359 Α
719 321 721 324 ⁴

166 407 269 468 Accedit,
291 409 350 464 quod
368 410 416 452 haec
435 410 551 464 prophetia
567 402 685 455 christiana
702 425 753 453 con-
808 462 812 467 ff

107 471 188 539 scripta
206 485 250 536 est,
274 485 367 538 antiquae
387 483 509 539 prophetiae
527 485 595 527 ubivis
614 488 699 529 ratione
714 486 753 527 ha-

106 560 158 600 bita.
188 558 267 599 Rarior
282 561 316 598 est
329 557 417 600 Veteris
432 559 567 601 Testamenti
580 560 632 601 usus
647 561 670 602 in
683 560 754 602 Evam

107 619 165 689 gelio
179 631 286 683 menneo,
307 632 379 673 nulius
392 634 414 674 in
429 633 540 688 epistolis:
557 634 589 674 ibi
603 635 671 689 igitur
684 634 762 675 omnia,

107 720 147 749 suo
164 707 229 747 modo
246 706 305 747 dicit.
336 705 384 748 Non
400 708 431 748 ita
446 708 469 749 in
484 708 629 764 Apocalypsi;
651 707 754 761 frequen-

106 782 203 823 tissimus
217 772 253 821 hic
267 784 302 821 est
318 783 414 838 veterum
428 783 584 837 prophetarum
597 795 657 840 usus
686 775 755 824 Vide->

106 869 161 907 mus,
178 849 297 912 Apostolos
309 855 332 897 in
342 855 440 898 doctrina
451 857 561 909 tradenda,
577 860 600 900 iu
613 855 755 912 persuasione

106 924 210 986 religiosa
224 930 376 983 describenda,
391 932 414 973 in
430 934 531 975 sensibus
546 933 589 987 piis
605 929 754 985 depingendis,

106 1007 129 1049 in
144 1005 249 1060 exemplis
266 1005 370 1046 virtutum
388 1010 412 1047 et
425 1005 527 1047 vitiorum
544 999 662 1061 eligendis,
687 1005 754 1046 sacris

106 1080 230 1122 Judaeorum
242 1080 442 1134 libris'saepissime
457 1092 509 1121 usos
524 1092 585 1121 esse:
601 1079 654 1135 quid
669 1073 754 1130 mirum,

107 1154 236 1213 prophetam
252 1166 337 1208 quoque
349 1153 488 1195 christianum
500 1148 575 1206 eorum
587 1144 627 1194 ore
635 1153 703 1207 ioqui,
718 1155 755 1207 qui

108 1229 186 1271 eodem
201 1229 279 1289 spiritu
296 1232 346 1269 sunt
362 1228 454 1283 gavisii
476 1230 506 1271 At
521 1229 597 1270 subest
613 1239 699 1281 quoque
714 1226 755 1268 alia

106 1304 216 1354 1·atio,ex
231 1303 573 1356 veterumprophetarummore
590 1301 690 1355 petenda.
721 1300 755 1342 In-
812 1353 814 1356 .

107 1382 202 1430 ternum,
224 1391 266 1431 quo
284 1375 481 1431 conjungebantur,
502 1377 610 1417 vinculum
625 1389 651 1438 eo
668 1377 755 1430 quoque

107 1440 236 1509 apparebat,
256 1450 316 1506 quod
331 1451 437 1506 majorum
455 1451 553 1506 exempla
568 1451 715 1504 respiciebant
731 1452 754 1503 ii,

108 1528 144 1582 qui
158 1531 209 1582 post
222 1527 333 1566 virebant:
347 1525 418 1566 Masis
431 1526 569 1580 prophetiam
581 1525 708 1567 referebant
719 1539 755 1567 va-

47 1630 49 1634 2
107 1605 149 1653 tes,
161 1600 218 1666 alius
233 1600 341 1654 propheta
357 1601 432 1642 alium:
449 1602 481 1642 sic
492 1599 572 1641 factum
589 1604 629 1651 est,
643 1604 668 1642 ut
680 1613 756 1655 magna

6 1696 9 1699 -
33 1719 35 1722 ,
107 1677 130 1717 in
145 1674 272 1730 quibusdam
286 1677 353 1718 rebus
370 1679 484 1731 appareret
497 1676 613 1729 imaginum
628 1677 754 1727 constantia,

107 1748 175 1799 veluti
188 1749 211 1790 in
222 1749 295 1801 coeio,
311 1750 333 1791 in
342 1749 480 1805 theophaniis
493 1748 652 1801 describendis,
666 1754 692 1790 ut
703 1762 755 1804 pro-

106 1823 179 1878 phetae
191 1822 257 1863 verba
273 1826 343 1865 denuo
358 1828 518 1880 repeterentur,
535 1823 702 1878 applicarentur,
718 1837 754 1865 er-

106 1899 241 1959 ponerentm
259 1897 311 1953 (cfr.
331 1897 415 1942 dictim
435 1904 453 1943 t.
473 1899 551 1953 Φηρῇ.
569 1900 625 1952 Soet.
644 1913 666 1954 p.
682 1898 713 1942 52
733 1899 770 1958 ff„

94 1960 250 2024 s'mnptmbetp
271 1977 288 2015 a.
304 1972 399 2029 domuc.
420 1976 437 2016 o.
452 1974 527 2015 mantel
548 1985 567 2016 c.
587 1978 605 2015 o.
617 1972 720 2026 ‘Sarepta
736 1975 754 2015 t.

109 2045 227 2103 &oderint
241 2062 262 2102 p.
277 2049 315 2091 34,
331 2063 352 2103 p.
361 2049 404 2093 367
415 2050 478 2103 sqq.).
502 2049 575 2102 'Quare
587 2046 681 2089 Joannes
695 2047 754 2100 Apo-

108 2116 177 2163 'stolus
193 2136 259 2176 quum
270 2122 391 2177 prophetiae
408 2123 467 2164 iilum
485 2122 521 2163 diu
533 2122 678 2177 interruptum
692 2136 755 2164 resu-

106 2198 287 2247 meret‚.nexum,
305 2198 342 2253 qui
357 2185 462 2239 sibicum
476 2210 500 2238 ea
513 2197 651 2248 intercessit,
665 2197 754 2251 antiquo
794 2194 799 2203 ‘

106 2262 217 2314 sermone
223 2271 352 2324 prophetico
368 2272 391 2312 in
406 2285 467 2312 usum
484 2286 544 2323 snum
560 2272 705 2314 convertendo
721 2271 768 2312 lu-‡

107 2344 335 2396 culenterostendit,
356 2346 461 2401 majorum
480 2360 563 2387 morem
582 2350 693 2401 sequutus.
725 2347 755 2388 At

106 2433 150 2464 non
167 2419 239 2462 solum
252 2419 353 2477 repetiit,
370 2433 417 2475 quae
434 2420 517 2476 Spiritu
533 2425 607 2463 sancto
623 2420 690 2462 afflati
707 2420 753 2472 cdi-
