1629 2818
347 131 409 172 ‘st

76 275 103 304 ex
126 262 225 305 omnibus
249 265 308 307 orbis
333 256 445 307 christiani
472 265 573 321 partibus
595 259 720 308 consensus.

71 337 217 398 vAuctoritatis
237 340 293 381 enim
313 339 391 381 divinoe
411 342 434 379 et
449 339 568 380 authentiae
588 340 722 397 Apostoliq'ae

75 412 127 453 libri
139 410 210 454 nostri
224 414 319 456 vindices
337 416 388 454 sunt
403 413 540 469 spernemus
555 413 635 469 Quos,
651 413 722 455 Arna-

19 522 21 524 .
75 489 157 547 nesius,
172 487 290 545 Didymus,
306 487 406 530 Basilius
419 487 520 546 Magnus,
537 489 658 546 Gregorius
671 487 723 530 'No-

53 619 54 622 Ἴ
74 563 201 615 zionzeuus,
219 564 339 619 Gregorius
354 561 475 617 Nysseaus
489 565 636 622 Epiphanius,
656 564 723 619 Chry-

44 623 56 664 s‘
75 643 193 690 sostomus,
216 638 482 694 CprillusAleuoudriuus
498 654 524 681 ex
540 640 634 691 eeclesia
650 639 723 681 orien-

27 758 29 761 ,
60 714 123 765 tali,
145 714 254 756 Firminus
272 709 428 768 Moieruusl),
452 714 553 756 Hilarius
569 710 722 762 Pistoriensem,

74 787 220 838 Philusirius,
235 786 354 838 Parianus,
369 788 502 841 Ambrosius,
520 788 646 845 Tpehouius,
662 787 723 828 Pru-

75 862 172 913 dentius,
197 854 305 915 Sulpiiius
326 861 431 912 Seuerus,
456 847 564 917 Rufinus,
584 856 723 904 quooeuiius

74 935 197 987 Romanus,
228 934 388 992 ffleroupmus,
414 937 554 994 Augustinus
578 950 604 979 ex
628 936 723 979 eeclesia
772 934 773 937 ’

74 1010 214 1051 occidentali:
238 1013 344 1052 accedunt
366 1008 637 1068 ConciliumHippoueuse
655 1012 722 1067 (anno

72 1083 129 1141 393)
144 1089 167 1126 et
182 1085 272 1141 tertium
289 1083 459 1140 Carthaginiense
475 1084 643 1143 (an110397)2).
667 1071 723 1127 Tra-

74 1158 163 1202 ditionis
180 1159 259 1200 seriem
273 1159 366 1199 ulterius
381 1162 494 1216 persequi,
517 1160 651 1215 superfluam
663 1159 723 1216 jndi-

92 1305 109 1350 ¹)
123 1304 283 1344 Quemadmodum
298 1308 321 1344 de
333 1309 428 1344 Clemente
440 1306 563 1343 Alexandrino
573 1306 616 1352 jure
628 1311 682 1342 nosto
693 1317 723 1342 su-

121 1383 154 1418 pra
174 1369 310 1416 contendimus,
330 1382 382 1417 eum,
402 1370 505 1407 traditionis
526 1368 633 1406 constantiae
652 1371 723 1406 ratione

121 1433 190 1480 habita,
201 1434 267 1470 loanni
278 1436 378 1481 Apostolo,
390 1445 426 1470 non
438 1434 504 1469 loanni
515 1433 588 1469 cuidam
600 1434 723 1481 ignotoApo-

122 1500 204 1545 eclypsin
216 1497 318 1544 vindicare,
335 1499 361 1534 ita
378 1496 409 1534 hic
425 1510 533 1545 quoque-
546 1509 582 1544 quo
598 1498 657 1544 magis
674 1498 723 1533 iilius

121 1563 263 1599 ratiocinationis
282 1564 348 1599 veritas
364 1565 482 1600 confirmetur
497 1561 610 1614 -eandem
626 1562 723 1609 argumen·
749 1582 751 1585 v
785 1551 786 1554 Ἰ

121 1627 172 1664 tandi
185 1628 232 1663 viam
245 1627 288 1673 quin
300 1628 425 1674 ingrediamur
437 1638 473 1663 non
486 1627 597 1663 dubitamus.
626 1627 685 1663 Nemo
696 1628 723 1662 fa-

121 1693 156 1728 cile
171 1683 279 1738 crediderit,
297 1693 398 1728 Firmicum
409 1691 513 1727 Maternum
529 1704 540 1726 a
552 1690 650 1727 traditione
665 1692 723 1727 eccle·
766 1738 769 1742 ι
785 1706 786 1710 ’

121 1758 153 1794 siae
165 1756 245 1793 unanimi
258 1755 362 1801 discedere,
377 1755 420 1791 licet
436 1754 572 1802 Apocalypseos
585 1761 677 1792 auctorem
688 1756 722 1791 Jo-

121 1834 186 1859 annem
202 1820 310 1868 Apostolum
325 1831 366 1857 esse
382 1831 419 1856 non
432 1825 510 1868 asserat,
528 1823 584 1857 immo
600 1832 624 1856 ne
639 1821 722 1857 nominet

92 1924 93 1927 ,
122 1874 202 1933 quidem.
215 1883 296 1931 (cfrsde.
305 1895 366 1921 errore
378 1885 448 1931 profan.
459 1885 510 1931 relig.
522 1897 538 1921 c.
552 1888 581 1920 20.
595 1887 668 1922 mas.
681 1874 722 1930 ΞΒ.)

53 1977 55 1979 -
121 1951 213 1996 Loquitur
233 1952 307 1985 tantnm
326 1947 349 1985 de
368 1952 442 1995 „sancta
458 1948 585 1986 revelatione’‘.
617 1948 722 1995 Vestigium

121 2019 182 2050 antem
197 2011 296 2049 authentiae
311 2012 421 2059 Apostolioae
437 2012 477 2048 libri
494 2015 552 2049 nostri
570 2013 590 2049 id
605 2015 667 2051 forsan
685 2013 721 2050 dici

79 2076 81 2086 ²
121 2079 190 2126 possit,
208 2076 258 2123 quod
276 2077 334 2127 uerbis
349 2076 484 2123 Apocalypseos
496 2077 552 2114 effata
566 2080 653 2126 evangelii
666 2080 721 2115 Joan-

69 2179 73 2184 ,
119 2143 149 2178 nei
163 2142 225 2178 statim
236 2141 304 2177 addere
316 2142 362 2178 solet
375 2141 400 2185 (c.
413 2142 442 2174 20.
457 2142 507 2188 28,).,

90 2239 110 2284 ²)
123 2237 194 2275 Quibus
213 2238 322 2275 testimoniis
341 2237 418 2285 singulis
433 2216 533 2275 'afferendis
552 2237 602 2275 hand
624 2251 670 2286 opus
687 2245 721 2286 est,

121 2313 177 2348 quum
189 2302 212 2337 ab
224 2301 264 2337 aliis
276 2303 348 2347 esiam
362 2303 416 2338 allata
426 2303 507 2340 constet.
538 2304 577 2340 Gir.
591 2304 661 2342 Millius
674 2304 721 2340 Pro-

120 2368 216 2413 legomena
228 2366 246 2402 in
256 2366 279 2402 N.
288 2367 312 2403 T.
323 2368 340 2411 §.
351 2369 388 2404 226
401 2379 442 2415 sqq.
460 2367 536 2406 Schmid
547 2367 611 2405 histor.
623 2375 642 2406 et
654 2369 720 2410 vindic.

120 2430 204 2468 Cononis.
218 2443 236 2477 p.
250 2434 292 2469 498.
318 2430 364 2471 idtio
377 2431 425 2472 &inl
440 2445 456 2479 p.
468 2432 505 2470 334
516 2445 556 2480 sqq.
569 2435 591 2470 al.
