1629 2818
379 198 382 203 Ι
442 133 485 180 132

138 271 223 327 potest:
238 273 257 313 si
271 273 330 315 illam
343 274 397 314 riam
409 274 557 328 sequerisex
571 265 679 331 prioribus
694 261 786 329 seqiren-

100 404 101 408 Ἰ
138 347 169 388 tia
183 347 247 398 oriri,
270 348 288 389 si
303 346 371 398 hano,
394 360 448 389 nova
465 348 524 388 nasci
539 332 583 388 dici
598 353 697 402 possunt,
726 347 785 389 Prae-

138 426 200 464 terea
213 423 236 463 id
250 422 366 463 tenendum
382 433 432 462 esse
448 434 573 472 monemus,
583 421 635 476 jure
648 433 732 489 summo
748 433 785 468 er-

138 497 242 550 speetnri‚
261 496 364 537 Joanuem
380 495 509 549 Apostolum
531 510 543 536 a
561 496 668 536 communi
690 497 785 537 omnium

105 572 108 585 ”
137 569 292 624 Apostolorum
306 569 417 631 doctrina,
437 583 484 623 quae
502 572 613 610 externum
629 568 711 611 Christi
724 569 783 611 redi·

138 648 183 685 tum
197 657 286 698 sperare
302 656 342 684 nos
353 645 444 698 jubeat,
457 644 546 685 minime
562 657 611 685 esse
625 644 725 686 alienum.

195 719 237 768 At,
254 717 330 774 objicit
346 719 408 760 nobis
425 716 525 771 Litorius,
541 720 634 761 idealem
647 718 713 775 hujus
730 718 783 774 dog·

135 793 199 833 matis
214 789 379 845 intelligentiam
399 794 423 834 in
437 792 519 834 Joanne
534 806 577 834 non
591 794 671 834 sensim
685 806 735 834 esse
749 807 784 834 or-

135 871 187 920 tam,
203 880 229 908 ex
247 880 273 907 co
289 870 356 920 petet,
373 867 430 920 quod
446 881 557 909 sermones
575 856 663 918 Christi,
676 882 688 909 e
702 854 784 921 loanne

135 941 240 982 memorio
252 942 330 992 servati
345 943 451 996 nobisque
467 944 554 995 traditi,
574 957 620 984 eam
630 945 676 997 jem
693 929 788 983 exitibu-

136 1018 206 1066 erunt.
244 1015 409 1068 Respondemus
428 1017 532 1071 primum,
554 1017 641 1058 minime
662 1001 701 1070 pro
722 1018 782 1056 certo

22 1121 38 1135 s„
135 1091 237 1134 affirmari
245 1103 323 1145 posse,
338 1091 422 1144 Joanni,
437 1088 502 1145 nuum
510 1091 656 1147 Apocalypsin
669 1090 782 1138 scriberet,

135 1166 271 1209 solummodo
286 1164 412 1207 historicam
429 1166 494 1221 hujus
509 1167 614 1222 dogmatis
631 1168 715 1220 partem
730 1177 782 1219 cog-

134 1237 201 1284 nitam
220 1240 295 1281 tuisse.
332 1238 427 1290 Deinde,
450 1241 469 1281 si
490 1240 652 1294 Apocalypseos
671 1242 782 1280 auctorem

134 1328 177 1358 non
193 1314 235 1355 nisi
251 1313 378 1354 inferiorem
390 1312 456 1368 hujus
468 1314 572 1355 doctrinae
585 1315 731 1369 cognitionem
743 1314 781 1355 ha-

72 1421 73 1426 ,
133 1383 208 1432 buisse
222 1391 318 1429 statuere
332 1388 428 1442 placeat,
450 1387 518 1428 nihilo
534 1388 604 1427 minus
621 1390 643 1428 et
659 1401 781 1429 sermonum

134 1463 217 1506 christi
237 1462 354 1502 auctoritas
373 1466 396 1503 et
417 1461 554 1516 evangelistae
574 1463 781 1516 veracitas'optime

133 1537 223 1579 defendi
241 1538 321 1590 potest.
358 1535 497 1576 Sermonibus
513 1536 595 1576 Christi
616 1535 722 1577 aloanne
737 1540 781 1578 tra-

135 1614 187 1655 ditis
208 1593 305 1653 colorem
322 1603 513 1651 Joanneum'non
526 1610 615 1663 deesse,
639 1623 714 1651 eorum
732 1624 781 1653 cum

134 1687 244 1743 prioribus
261 1698 304 1726 evv.
318 1688 341 1724 et
355 1696 403 1723 cum
419 1668 577 1738 epp.Joanneis
593 1687 724 1738 comparatio
740 1698 780 1727 nos

134 1748 207 1803 docet.
236 1758 318 1801 Verum
337 1759 383 1799 ficti
397 1772 440 1799 non
456 1761 518 1798 sunt:
529 1759 629 1818 ‘'servavit
643 1757 781 1813 Evangelist‘a

81 1882 87 1894 ‚¹
133 1826 248 1876 verborum
270 1833 356 1874 Domini
376 1834 501 1883 veritatem,
523 1833 615 1887 ipseque
637 1832 674 1872 ille
697 1833 780 1885 modus,
804 1858 806 1860 v

134 1923 176 1967 quo
192 1917 217 1950 ea·
232 1908 312 1959 reddit,
329 1919 356 1966 ex
367 1906 449 1948 Christi
462 1908 599 1949 institutione
614 1906 726 1961 profectus
741 1908 780 1949 ha-

132 1984 218 2027 bendus
233 1986 273 2023 est.
305 1982 358 2034 Quae
373 1982 473 2023 Christus
487 1981 573 2032 docuit,
590 1982 657 2032 dixit,
672 1981 737 2033 fecit,
754 1995 780 2023 ea

121 2060 212 2099 'cuncta
226 2057 336 2096 memoriae
352 2057 489 2107 mandabant,
511 2056 547 2109 qni
564 2052 636 2097 testes
648 2057 695 2111 ejus
710 2056 780 2099 futuri

134 2133 219 2173 essent:
237 2133 260 2170 at
273 2142 317 2170 non
331 2129 404 2181 statim
417 2130 487 2171 omnia
497 2128 653 2184 intelligebant.
685 2120 779 2183 Spiritus

133 2209 204 2249 autem
213 2203 303 2245 Sanctus
320 2191 391 2245 omnia
405 2217 444 2245 eos
458 2204 574 2244 edocturus
589 2207 642 2254 erat,
657 2203 779 2267 omniaque,

133 2294 181 2337 quae
196 2279 300 2321 Dominus
314 2278 369 2333 ipsis
386 2278 450 2330 dixit,
473 2279 496 2320 in
509 2279 634 2320 memoriam
648 2278 779 2340 iisreroca-
803 2290 805 2292 ’

132 2358 201 2396 turus.
233 2350 324 2393 Constat
337 2365 363 2394 ex
379 2345 507 2408 evangeliis,
525 2342 611 2407 quoties
626 2352 718 2393 obscura
734 2352 778 2394 Do-

132 2429 185 2471 mini
201 2428 267 2470 rerba
281 2438 324 2470 ncn
340 2428 502 2481 perspexerint,
522 2439 569 2481 quae
583 2429 655 2467 tamen
674 2425 778 2467 memoria
