1629 2818
278 69 309 128 3
394 65 437 106 m

97 200 172 254 primis
187 177 328 262 dadae).
349 220 376 229 -
396 198 433 240 De
447 197 528 255 augelis
543 199 682 242 ecclesiarum
698 201 738 243 cfr.

49 318 52 320 a
95 265 302 318 Heinrichs'comm.
316 285 399 315 excurs.
415 274 435 315 1.
454 273 529 334 Enald
545 274 571 316 ad
588 275 609 328 l,
625 273 660 317 20.
684 272 739 320 idcio
809 271 812 277 ’

97 347 404 411 ωωψωωπ
483 355 507 380 s

154 425 227 468 Finito
247 425 292 479 jam
319 423 466 478 objectionum
491 429 565 465 contra
589 409 738 480 apostolicam

94 500 163 556 Apoc.
181 498 311 541 authentiam
325 500 455 555 prolatarum
470 500 577 551 examine,
599 500 692 560 indicata
709 502 738 542 si·
777 539 779 541 .
805 554 810 556 λ

95 576 140 617 mul
155 589 180 617 ea
195 574 347 626 similitudine,
364 588 412 630 quae
427 574 483 616 libro
491 567 572 615 fnostro
584 587 633 615 cum
646 574 737 628 reliquis

54 705 55 708 Ἴ
95 649 182 704 scriptis
198 648 299 706 Joanneis
320 648 448 703 intercedit,
470 648 523 689 nihil
544 652 630 709 omnino
650 650 737 705 obstare

95 722 218 766 ostendisse
232 736 276 765 non
290 726 401 778 putamus,
426 723 554 778 quominus
569 713 654 777 interna
667 724 737 778 Apoc.

93 797 178 839 indoles
189 797 281 838 eundem
292 783 391 839 admittat
404 796 454 840 lihri
470 801 591 850 auctorem,
608 812 672 854 quem
685 811 737 849 con-

93 875 152 914 stans
169 873 268 914 ecclesiae
283 873 382 925 traditio,
404 873 517 932 indubium
529 874 605 927 ,ipsius
621 874 689 927 Apoc.
704 875 737 933 ta-

93 949 219 990 stimonium
241 946 353 1000 durissime
375 949 476 998 tuentur,
508 946 611 990 Joanuem
637 948 743 989 nimirum

91 1023 228 1078 Apostolum.
331 1017 332 1023 ’
648 1069 652 1073 ,

150 1096 265 1140 Vindicate
282 1096 350 1151 igitur
367 1097 489 1151 prophetiae
506 1096 629 1138 christianae
646 1084 735 1137 authen-

92 1172 130 1223 tia,
144 1172 203 1226 quod
219 1172 354 1225 suscepimus
368 1170 489 1225 perfecisse
501 1171 563 1213 nobis
576 1171 735 1224 videmur;.ap-

19 1258 22 1262 ’
91 1244 190 1301 pendicis
205 1244 273 1295 instar
289 1244 317 1283 de
333 1244 451 1298 hypothesi
461 1243 578 1293 Liickiana,
594 1244 655 1285 aliam
666 1244 733 1298 Apoc.

92 1321 197 1374 originem
206 1317 344 1373 conjiciente,
357 1317 458 1364 nonnulla
469 1318 633 1378 disputabimus,
649 1317 734 1372 quibus,

91 1406 155 1448 quam
177 1392 206 1433 sit
227 1394 301 1432 nostra
320 1390 348 1431 de
370 1395 457 1433 auctore
474 1394 581 1434 sententia
590 1391 665 1439 multo.
678 1403 734 1447 prac—
765 1408 769 1413 ··

91 1467 192 1519 stantior,
208 1465 257 1507 fore
271 1468 296 1506 ut
311 1469 384 1521 pateat
397 1480 513 1522 speramus.

374 1601 394 1656 ᾖ.
411 1601 447 1643 35.

149 1688 235 1730 Relicta
250 1689 354 1730 historica
368 1690 496 1741 traditione,
516 1693 552 1731 aut
567 1690 621 1732 nihil
636 1690 691 1730 certi
705 1690 733 1732 de

90 1767 178 1805 auctore
192 1763 296 1805 constitui
311 1777 378 1818 posse
395 1763 486 1819 (Ewald.
504 1776 579 1805 comm.
596 1779 617 1820 p.
632 1763 667 1805 79.
692 1764 732 1806 cfr.

88 1828 205 1880 Heinrichs
225 1850 301 1880 comm.
320 1839 418 1894 prolegg.
439 1852 460 1892 p.
477 1836 517 1892 51)
536 1843 584 1889 aut,
606 1823 732 1893 integritate
805 1884 807 1887 v

88 1903 183 1963 sublata,
199 1911 345 1966 Apocalypsin
357 1925 400 1953 non
409 1913 477 1953 unius·
486 1913 599 1965 scriptoris
612 1912 733 1955 habendam

87 1976 138 2026 esse
153 1983 240 2039 (Vogel.
255 1984 294 2025 cfr.
309 1978 363 2029 ioci
381 1984 433 2028 dini.
447 1985 466 2038 d.
480 1983 520 2046 47)
535 1989 572 2026 aut
586 1987 652 2028 alium
664 2000 732 2042 quen-

87 2060 136 2101 dam
151 2059 201 2100 libri
213 2059 283 2110 nostri
297 2053 406 2102 auctorem
422 2062 545 2115 conjectura
568 2046 616 2101 esse
630 2061 732 2115 indagan-

87 2133 139 2176 dum
155 2124 280 2190 judicarunt
301 2135 345 2186 illi,
368 2134 445 2189 quibus
459 2133 588 2194 Apostolica
604 2135 672 2189 Apoc.
694 2147 731 2193 au·
787 2163 789 2166 .

87 2209 171 2251 theutia
179 2221 223 2251 non
233 2210 346 2251 videbatur
356 2208 498 2268 concedenda.
530 2209 648 2265 Quousque
660 2211 731 2249 autem

87 2283 187 2338 inhisce
202 2275 333 2339 conjecturis
351 2282 479 2339 effingendis
493 2282 627 2338 processerit
643 2281 731 2324 critico-

86 2349 135 2402 rum
151 2357 249 2410 licentia,
260 2369 338 2400 ‘eorum
352 2371 392 2401 nos
409 2356 474 2400 docet
489 2356 621 2412 exemplum,
637 2357 675 2410 qui
689 2356 731 2399 Ge-
