1629 2818
384 117 412 160 ol

74 259 160 308 tempus
175 228 276 294 docmate
290 245 464 294 constituendum
478 250 596 308 aptissima,
612 265 675 306 quam
689 255 722 296 lo·
800 286 802 289 .

74 338 112 385 cus
125 330 194 384 Apoc.
211 327 252 380 17,
264 329 300 369 1o.
316 327 356 372 11.
367 327 416 368 coll.
432 328 473 380 13,
491 327 513 368 3.
529 325 570 378 17,
585 327 620 369 16.
635 328 721 381 17.1o‚

73 404 160 447 12-21
177 404 204 445 de
219 403 386 458 imqeratoribus
401 401 503 443 Romanis
519 401 644 443 intellectus
656 403 721 445 uobis
738 398 740 402 ’

74 480 163 530 sternit,
178 477 251 535 (otest
266 478 286 529 to
302 473 475 527 &dleietmodtot
492 474 550 529 tqrol.
565 471 651 526 Seiqctr.
666 477 722 520 223.
771 487 773 490 ’

73 568 95 608 p.
110 554 163 598 286.
178 554 190 597 1
208 555 239 597 o.
253 567 275 607 p.
287 550 334 597 243
347 563 394 603 sqq.
418 548 491 590 Enrrald
508 561 585 590 comm.
601 549 650 604 §.t
668 548 722 593 triste

75 627 128 670 sini.
144 627 227 683 p's2tld
245 639 292 680 sqq.
313 638 335 679 p.
350 622 418 676 417);
444 623 462 663 si
478 625 534 664 enim
548 626 667 675 tenemus,
678 622 723 665 Ne-

72 715 148 743 ronem
164 701 198 743 his
213 699 285 741 verbis
300 701 375 752 typum
389 696 517 739 Antichristi
531 696 647 748 delineari,
663 710 723 738 eum-

73 789 115 830 que
131 776 174 816 hoc
191 755 256 815 seusu
269 775 390 831 rediturum
406 771 449 811 dici
466 770 517 824 (cfr.
531 770 588 811 Mtlr.
602 771 638 822 17,
653 772 681 813 11
691 786 723 826 sq,

74 849 266 903 chrysostomo
282 847 297 888 2
311 846 390 888 Thess.
407 845 435 896 2,
451 845 493 899 7.),
514 847 533 887 si
547 848 654 901 praterea
668 845 722 887 nihil

30 913 50 962 ’,
74 922 181 977 impedire
197 922 348 972 concedimus,
369 933 412 975 quo
429 921 499 961 miuus
517 921 613 960 rationes
630 920 723 961 clrrono·
750 934 751 937 ¹

73 996 155 1050 logicas
172 1009 272 1037 sermone
286 995 415 1050 prophetico
432 995 527 1036 sublatas
542 995 650 1046 dicamus,
671 993 723 1049 (cfr.

13 1073 16 1082 ¹
74 1068 184 1122 &loquutur
201 1070 280 1121 trono.
297 1069 408 1113 dominor.
429 1068 442 1108 1
460 1066 500 1121 Rq.
516 1081 537 1121 p.
554 1068 598 1112 859
615 1070 675 1124 sqq.)
686 1070 724 1111 illa

74 1144 225 1198 interpretatio
243 1146 294 1199 quin
311 1158 358 1185 cum
377 1144 507 1184 auctoritate
526 1143 652 1196 Apostoliea
672 1157 724 1186 cou-

74 1223 132 1259 stare
147 1218 229 1273 possit,
251 1221 344 1259 nonest
360 1216 507 1258 dubitandum.
523 1217 722 1272 -Argumentum

74 1287 336 1348 chronologicumquod
353 1304 379 1331 cx
390 1291 458 1345 Apoc.
475 1290 497 1342 3,
512 1290 541 1331 14
555 1305 601 1346 sqq.
615 1306 664 1334 cum
680 1293 723 1334 To·

60 1364 111 1407 cit.
128 1367 182 1423 Anu.
199 1366 239 1418 14,
262 1366 292 1407 27
314 1357 436 1420 comparata
455 1366 601 1419 peti-possit,
626 1380 669 1407 non
688 1374 723 1409 est

74 1425 148 1493 magni
157 1442 261 1482 momenti
278 1437 343 1496 (triete
361 1438 519 1495 enuptio.
537 1426 618 1491 titulus
635 1441 723 1494 spureo.

74 1514 149 1569 zoqtb.
162 1515 193 1557 26
210 1514 285 1566 anrq.
299 1513 315 1555 4
331 1512 359 1564 t).
373 1526 395 1565 p.
410 1512 473 1567 331).

61 1639 63 1642 ἱ
117 1588 174 1629 rus
188 1587 308 1629 rationibus
326 1585 398 1637 ducti,
412 1584 520 1629 Lirkinm
542 1586 662 1640 sequimur,
686 1589 723 1642 qui

74 1661 221 1716 Apocalypsin
237 1673 291 1701 anuo
308 1660 349 1712 68,
372 1660 440 1702 Galba
457 1660 601 1716 Imperatore,
621 1662 724 1716 scriptam

73 1739 142 1790 putat.
165 1736 229 1787 Quod
242 1736 333 1775 sirecte
348 1736 561 1787 statuitur-‚exilium
577 1734 723 1777 JoaunisPat-

73 1811 154 1856 micum
173 1811 201 1865 ad
221 1809 335 1863 imperium
354 1809 448 1850 Neronis
469 1832 498 1840 -
520 1823 569 1850 nam
588 1811 607 1850 is
628 1811 723 1852 omnium

74 1884 156 1939 primus
171 1868 326 1938 imperatorum
335 1883 470 1925 Christianos
484 1888 629 1943 persequutus
645 1891 680 1925 est
693 1886 723 1918 -'-

73 1956 213 1998 referendum
224 1970 280 2011 esse,
294 1958 386 2012 quisque
395 1957 461 1999 uidet.
492 1958 535 2009 Qui
550 1943 618 2011 igitur
632 1956 723 2000 Petrum
785 1948 787 1952 ’
802 2010 806 2015 1

74 2038 97 2072 et
110 2029 200 2072 Paulum
217 2032 333 2093 supplicio,
349 2031 406 2072 idem
422 2030 525 2071 Joanuem
540 2031 605 2072 exilio
617 2034 723 2074 damnavit
800 2027 803 2031 ’

74 2105 123 2159 (cfr.
141 2105 233 2169 Tertull.
247 2105 275 2146 de
290 2119 377 2159 praescr.
392 2105 445 2148 haer.
459 2118 477 2145 c.
486 2105 522 2146 36.
534 2105 589 2146 llus.
604 2105 723 2157 demonstr,
782 2130 784 2132 >

75 2195 106 2222 ev.
123 2180 147 2231 3,
163 2178 200 2235 5),
215 2193 269 2221 auno
285 2180 334 2221 fere
347 2180 382 2221 ot.
398 2220 399 2223 ,
414 2183 531 2235 Quousque
547 2182 570 2222 iu
584 2181 661 2224 Patmo
675 2195 723 2223 ver-

75 2260 135 2298 satus
152 2256 192 2307 sit,
209 2254 300 2296 delinire
314 2254 349 2295 vix
360 2257 444 2308 potest,
460 2255 479 2296 si
487 2257 633 2312 Apocalypsin
643 2259 664 2299 iu
678 2258 723 2300 exi-

75 2331 105 2372 lio
124 2319 226 2384 scriptam
245 2342 295 2370 esse
315 2330 462 2370 existimemus
485 2331 622 2387 (llierouym.
644 2315 686 2373 cat.
701 2332 722 2373 9.

74 2405 157 2463 Beng'el
171 2406 270 2462 Guomou
282 2404 309 2447 ad
318 2404 386 2461 Apoc.
401 2405 425 2458 1,
442 2406 463 2448 9.
495 2405 602 2462 &torquet
615 2398 668 2450 titt.
684 2403 723 2460 Ξῖ),
