1629 2818
349 123 351 132 ‘
404 130 434 175 62

503 192 506 199 „

383 204 387 215 I

94 266 115 307 4.
130 266 150 322 ἕ.
166 265 216 309 453.
233 267 277 321 al).
292 267 353 319 >Quae
369 268 440 330 autem
455 267 474 309 si
490 270 542 322 post
558 269 646 314 exilium
660 271 740 327 scripta

94 340 188 383 hahetur
205 342 319 396 (Victoria.
336 341 363 383 de
377 341 469 384 Petobio
483 342 541 385 Max.
555 344 608 386 bibl.
625 348 667 388 vet.
682 345 740 388 Patr.

93 414 164 470 Luget
179 415 206 458 T.
221 416 242 458 3.
258 433 278 474 p.
291 417 340 462 419.
354 416 446 459 Arethas
462 418 489 471 ,in
510 430 560 471 opp.
578 419 704 469 oecumenii
713 435 740 477 p.
807 436 811 441 ·

93 488 145 532 713.
165 490 273 534 Eu'aldius
283 506 360 549 comm
370 493 403 535 ad.
419 491 445 543 1,
461 492 482 533 9.
513 488 567 533 litte
580 494 633 537 &inl
647 509 669 549 p.
680 496 739 549 143),

95 563 188 609 Neronis
203 567 294 622 imperio
308 568 377 620 iinito,r
392 562 485 609 Joannes
502 567 566 609 exilio
580 567 686 610 liberatus
699 574 740 611 est.

153 642 282 698 Ooujeetura
297 643 332 683 hic
349 643 473 684 adumbrata
487 644 524 695 iis,
543 657 591 698 quae
607 658 634 685 ex
649 644 741 686 historia
808 654 810 666 s

16 752 19 756 s
93 717 194 772 Apostoli
207 730 272 772 supra
280 719 398 770 attulimus,
415 718 504 773 egregie
510 718 622 769 'convenit3
634 718 740 772 temporis

92 792 186 842 indiciis,
202 806 250 847 quae
258 792 314 833 libro
322 793 485 848 Apoealypseos
494 795 574 847 insunt,
583 795 742 847 superstructa*

92 866 172 909 firmari
192 868 255 908 nobis
275 867 361 909 videtur
378 870 537 924 comparatione
557 871 687 924 scriptorum
702 868 740 909 Jo-

91 954 208 983 anneorum
222 942 331 993 instituta3
346 943 385 983 sed
400 943 488 985 disertis
504 944 626 986 traditionis
640 944 740 991 testimo?

91 1016 132 1059 niis
150 1016 218 1058 evinci
233 1018 314 1071 nequit.
347 1018 415 1070 Quam
426 1006 517 1073 ‘quidem
534 1018 685 1059 difficultatem
699 1017 740 1058 mi-

91 1092 151 1134 noris
166 1092 269 1133 momenti
284 1104 333 1132 esse
346 1088 481 1147 judicamus,
505 1106 570 1149 quum
586 1093 665 1147 partim
680 1092 739 1133 nulla
792 1105 794 1107 ·

54 1221 55 1226 1
92 1167 123 1219 sit
138 1168 237 1207 constans
251 1166 274 1206 iu
288 1165 328 1206 hae
343 1180 369 1207 re
383 1166 482 1207 ecelesiae
496 1167 599 1218 traditio,
614 1167 692 1222 partim
705 1167 738 1220 ip-

92 1242 123 1282 sis
136 1240 194 1291 illis,
216 1253 264 1295 quae
283 1239 346 1281 nobis
363 1244 452 1282 servatae
468 1245 530 1292 sunt,
552 1242 694 1283 relationibus
713 1254 739 1282 ea

92 1317 169 1367 insint,
188 1316 265 1370 quibus
285 1314 418 1369 hypothesin
437 1320 533 1359 nostram
550 1318 608 1359 tueri
623 1317 737 1372 possimus.

91 1391 207 1447 Sequentia
222 1391 245 1433 id
262 1391 393 1432 ostendent.-

147 1464 251 1506 Joannem
271 1457 401 1519 Apostolum
424 1478 436 1505 a
458 1464 581 1506 Domitiano
606 1465 752 1520 imperatore¹

89 1541 189 1583 Patmum
205 1539 326 1595 relegatum
342 1554 403 1591 esse,
426 1539 519 1581 Eusebii
534 1538 640 1594 imprimis
661 1539 738 1596 nititur

88 1615 195 1657 relatione
215 1612 247 1669 (h.
268 1627 286 1655 e.
306 1613 377 1666 3,18.
396 1613 432 1654 20.
453 1611 489 1654 23.
526 1612 606 1655 Chron.
625 1628 672 1656 ann.
692 1613 737 1655 Do-

88 1691 135 1733 mit.
151 1689 198 1745 14).
222 1689 266 1743 lpsi
280 1691 351 1729 autem
367 1686 452 1730 dehoc
467 1691 566 1742 tempore
581 1702 607 1729 ex
620 1690 680 1729 oerta
693 1691 737 1729 tra-

88 1764 172 1805 ditione
186 1762 322 1813 constitisse,
344 1762 437 1804 dubitari
453 1766 536 1816 potest3
548 1745 657 1818 *sequitur
671 1764 736 1805 verbe

88 1836 165 1880 lrenaei
188 1837 219 1888 (h.
233 1829 255 1877 e.
272 1835 293 1888 5,
306 1836 341 1884 18.
373 1837 428 1878 lren.
444 1837 497 1879 haer.
516 1835 544 1888 5,
565 1837 602 1881 30.
621 1838 665 1891 3.)‚
688 1853 736 1898 quae

88 1913 141 1954 licet
155 1912 214 1953 illam
229 1912 335 1967 imprimis
350 1914 406 1954 tueri
422 1913 534 1954 videantur
545 1915 680 1964 sententiam,
697 1913 737 1955 du-

87 1989 130 2031 hiae
145 1988 332 2042 interpretationis
354 1987 398 2029 diei
413 2000 479 2042 posse
494 1986 601 2029 videntur.
639 1989 735 2034 Wetste-

86 2064 137 2105 nius
154 2061 191 2117 (N.
208 2062 269 2104 Test.
286 2065 303 2102 t.
320 2047 343 2103 2
358 2076 380 2117 p.
395 2061 451 2118 746)
468 2066 491 2102 et
505 2061 585 2102 Paulus
605 2060 735 2117 (tgeibeltetp.

87 2135 162 2192 fiatri.
176 2136 214 2179 26.
227 2135 240 2178 5
256 2135 284 2188 ἕρ.
299 2150 320 2190 p.
337 2135 391 2189 447)
415 2160 444 2166 -
463 2140 488 2178 ut
503 2137 593 2178 aliorum
609 2136 736 2191 explicatio-

86 2224 126 2253 nes
142 2213 225 2251 taoeam
239 2233 268 2241 —-
283 2209 360 2251 lrenaei
372 2211 437 2252 rerba
454 2211 481 2252 de
497 2212 589 2262 Joanne,
606 2213 642 2266 qui
658 2226 735 2270 apooa.

86 2285 159 2341 lypsin
174 2285 238 2336 vidit,
261 2284 320 2325 haud
336 2285 411 2340 inepte
426 2285 549 2341 intelligere
564 2270 675 2328 videntur:
696 2290 735 2329 'an-
765 2310 767 2313 -

85 2360 146 2414 tique
159 2359 236 2402 irenaei
250 2360 325 2401 versio
334 2359 400 2401 latina
414 2353 522 2421 (ἕὼράθηη
536 2362 604 2402 visum
619 2362 676 2419 esr’)
686 2362 735 2403 'Eu-

81 2437 143 2484 ,sebii
158 2435 333 2490 interpretationi
347 2448 390 2478 non
403 2434 468 2476 favet.
506 2436 560 2488 Quae
576 2436 693 2478 narrationi
707 2437 734 2478 de
