1629 2818
377 117 408 160 55

68 230 189 292 mentorum
204 256 290 296 nomine
306 244 506 307 nequaquamesse
526 251 631 304 ornanda,
653 240 715 292 haud

67 325 160 369 difficile
175 328 218 369 erit
233 328 387 370 demonstrare.
605 358 607 361 >

128 401 249 444 Provocant
268 403 294 444 ad
316 403 384 456 Apoc.
406 402 445 454 18,
461 402 491 443 20
506 406 529 442 et
544 400 585 452 21,
600 399 640 440 14:
664 412 712 453 quae

67 478 116 520 loca
125 478 221 520 breviter
233 478 388 528 examinemus,
404 466 455 517 lieet
468 475 660 534 corumprobaudi
670 474 713 515 vim
730 498 732 501 f

61 553 112 593 ‘non
130 565 179 594 esse
201 554 272 609 magni
291 546 411 595 faciendam
431 549 524 592 Liickius
546 552 596 607 ipse
616 549 712 590 fateatur

68 626 292 683 mmmm
405 612 408 614 ’

111 686 113 688 ¹
128 702 188 744 Loco
199 703 266 756 Apoc.
275 701 311 752 18,
324 700 354 741 ⁴20
366 701 450 743 coelum
462 706 485 742 et
497 698 565 742 sancti
579 701 602 739 et
616 695 712 751 apostoli

68 780 91 819 et
105 777 220 833 prophetoe
235 776 311 816 laetitia
325 775 429 831 perfundi
441 776 557 831 jubentur,
573 772 631 828 quod
645 771 712 821 Deus,

64 852 126 906 justa
138 856 208 905 poena
219 850 325 904 repetita,
341 863 415 890 eorum
429 852 503 890 contra
517 834 593 890 urbem
600 846 713 901 profanam
758 859 770 872 ’-

68 938 165 966 caussam
180 924 232 979 egit.
270 923 522 978 Apostoli,‘·objieiunt,
541 923 563 963 lr.
579 922 594 963 l.
614 919 713 962 defuncti

68 998 226 1042 discribuntur:
249 997 368 1046 auctorali
387 999 415 1040 iis
433 1012 458 1039 se
479 998 599 1052 distinguit.
635 997 665 1037 At
681 994 713 1036 vi—

68 1072 133 1126 deas,
155 1087 218 1127 quam
234 1073 264 1113 sit
277 1073 362 1114 infirme
376 1072 424 1114 haec
440 1073 585 1114 ratiocinatio.
615 1056 713 1112 Primum

50 1165 52 1169 r
67 1146 181 1197 faciamus,
196 1146 224 1186 de
232 1145 344 1200 Apostolis
352 1146 461 1189 defunctis
470 1147 507 1187 hic
517 1159 638 1196 sermonem
651 1158 712 1186 esse:
758 1183 759 1186 ,

68 1206 181 1262 contextus
197 1219 256 1260 haud
272 1221 339 1261 dubie
354 1221 490 1273 ostenderet,
507 1224 581 1262 omnes
593 1220 712 1275 Apostolos

67 1294 150 1335 idcirco
165 1292 280 1334 defunctos
295 1308 338 1335 non
353 1294 407 1336 dici:
423 1307 493 1348 neque
510 1295 566 1335 enim
582 1295 656 1336 dicere
672 1307 712 1349 po·
732 1316 734 1319 ·

67 1367 111 1427 tuit
129 1370 214 1417 auctor,
236 1380 310 1408 omnes
333 1372 356 1408 et
375 1373 461 1409 sanctos
482 1373 505 1409 et
524 1369 643 1423 prophetas
662 1381 712 1409 esse

67 1444 176 1490 mortuos,
199 1441 257 1494 quod
271 1444 343 1482 tamen
360 1454 386 1482 ex
401 1444 439 1483 illa
452 1443 618 1484 ratiocinatione
633 1455 712 1496 seque-

67 1519 134 1557 retur.
163 1514 240 1555 Potuit
255 1516 322 1570 igitur
334 1517 454 1571 Apostolus
470 1530 529 1566 esse,
545 1518 603 1558 licet
612 1517 640 1557 de
653 1517 713 1572 Apo-

67 1590 131 1631 stolis
145 1588 254 1631 defunctis
262 1589 298 1631 lric
306 1589 445 1644 loqueretur:
460 1581 643 1645 quemadmodum
648 1603 712 1632 nemo

67 1678 118 1706 eum
140 1657 200 1720 ἅγιον
221 1667 245 1704 et
266 1658 378 1724 προφήτην
400 1666 470 1708 fuisse
488 1668 588 1722 negaret,
611 1665 665 1706 lieet
684 1664 712 1705 de

67 1738 147 1780 sanctis
161 1738 320 1793 prophetisque
329 1741 420 1781 mortuis
428 1741 494 1781 verba
506 1740 597 1781 faceret.
628 1738 712 1779 Deinde

66 1826 129 1864 vero,
151 1812 269 1867 Apostolos
283 1813 318 1855 his
334 1815 406 1856 verbis
420 1819 517 1856 mortuos
534 1813 641 1863 describi,
666 1825 712 1852 om-

66 1889 118 1929 niuo
131 1900 175 1929 uon
186 1887 262 1941 liquet.
293 1888 355 1929 Nilril
370 1889 472 1944 impedit,
488 1879 614 1943 quominus
630 1889 711 1937 statua-

67 1975 124 2013 mus,
149 1961 244 2002 omnium
261 1964 347 2004 omnino
368 1963 465 2004 laetitiam
484 1963 551 2017 pingi,
575 1962 653 2017 quihus
669 1961 711 2003 Dei

63 2035 205 2096 judiciasint
219 2039 320 2090 accepta,
335 2025 391 2077 etin
405 2037 472 2077 coelis
486 2039 509 2076 et
518 2037 542 2077 in
555 2039 620 2077 terra.
651 2036 711 2078 Proe-

66 2116 127 2153 terea
139 2109 204 2149 latior
216 2109 276 2150 verbi
290 2101 396 2169 oicdgolog
409 2113 461 2151 uso‘s
474 2109 496 2151 h.
504 2110 519 2151 l.
536 2110 621 2152 admitti
636 2114 713 2166 posset

66 2185 108 2241 (ita
123 2178 231 2225 noaldus
246 2183 363 2224 commod
379 2183 400 2224 h.
415 2184 429 2224 l.
446 2183 495 2224 coll.
513 2184 588 2227 lGor.
605 2185 640 2238 12,
656 2183 712 2239 28).

66 2242 164 2310 Accedit,
172 2258 231 2313 quod
238 2257 381 2312 Apocalypsis
391 2270 418 2299 eo
428 2258 514 2299 videtur
524 2262 623 2314 tempore
630 2261 712 2314 scripta

66 2332 119 2390 (cfr.
136 2332 156 2389 ἓ.
170 2330 228 2387 ln),
251 2344 295 2386 quo
314 2344 388 2394 omncs
407 2332 527 2387 Apostolos
545 2337 642 2376 mortuos
661 2346 712 2376 esse
731 2351 736 2374 ,1
790 2317 792 2324 ¹

66 2422 141 2470 parum
161 2410 227 2460 recte
239 2410 379 2451 statueretur.
408 2407 527 2465 Prophetis
544 2409 637 2465 demque
652 2410 712 2466 Apo·
771 2406 773 2411 ⁴
