1629 2818
366 127 409 168 133

63 263 145 303 seruata
160 263 184 300 et
201 262 252 314 post
266 260 377 301 intellecta
392 259 455 301 nobis
473 259 573 310 referunt
592 260 670 314 (Marc.
685 261 707 313 9,

61 334 110 376 32...
126 332 179 374 Luc.
193 333 217 386 2,·
240 334 275 377 19.
293 335 329 377 511.
346 334 385 377 51.
409 334 436 385 9,
451 333 487 375 45.
508 325 602 386 24,’11.
616 334 644 375 21
660 348 706 390 sqq.

1 398 3 400 ’
60 406 145 461 11111,
161 407 195 449 aa.
213 408 248 461 12,
261 410 290 451 aa
306 423 337 465 sq.
354 406 665 470 18,32).11111111ρ11111,
681 413 707 450 ut
771 402 773 406 ’

60 494 170 532 sermones
191 483 366 546 Christianimo
388 472 576 537 (111111111110111111
600 483 706 538 jacerent,

49 556 154 598 nondum
167 558 285 600 intellecti:
303 572 393 614 quorum
410 552 482 600 antem
497 560 540 600 vim
555 557 593 599 uhi
609 556 704 613 Spiritus

60 630 133 673 Sancti
150 645 191 688 ope
208 635 370 689 perspexerint,
391 619 554 689 exposuerunt.
570 645 618 688 quae
631 631 706 673 Domi-

59 719 109 748 num
123 707 203 749 dixisse
217 708 286 761 probe
301 708 476 749 recordabantur.

117 782 200 835 Quibus
212 781 334 835 disputatis,
349 782 496 837 diversitatem
504 783 563 823 illam
574 781 600 821 ab
612 778 704 834 authen·

58 853 95 894 tiae
122 854 259 896 adversariis
278 858 372 897 notatam
401 870 448 898 oum
472 855 582 898 authentia
604 855 703 894 constare

57 938 133 980 posse,
157 941 196 976 nos
218 928 377 972 demonstrasse
399 931 504 985 putamus.
543 929 703 981 Vernmargu-

57 1000 184 1043 mentationi
194 997 240 1056 jam
254 1004 324 1043 allatoe
339 1016 365 1044 ea
380 1004 430 1045 addi
444 1007 547 1058 possunt,
564 1015 613 1057 quae
629 1001 702 1055 objec-

57 1073 111 1115 tioni
119 1076 239 1124 refutandae
247 1081 371 1132 nostraeque
379 1078 493 1120 sententiae
501 1076 633 1119 vindicandae
640 1087 702 1130 egre-

56 1148 92 1202 gie
106 1149 228 1190 inserviant.
469 1203 471 1206 .
635 1205 637 1209 .

114 1223 146 1278 Ut
158 1225 243 1266 reditus
257 1226 340 1269 Christi
357 1228 380 1269 in
398 1228 467 1281 Apoc.
486 1227 571 1268 ratione
587 1218 699 1272 histor-ita,

23 1313 26 1316 ·
54 1297 77 1337 in
91 1309 163 1352 evang.
178 1302 200 1338 et
209 1311 257 1352 epp.
270 1302 432 1343 rationerideali
445 1304 598 1356 exponereturj
614 1299 700 1339 diversa

55 1370 158 1412 librorum
174 1372 258 1415 indoles
278 1388 353 1429 magna
367 1388 394 1415 ex
412 1378 473 1428 parte
488 1373 589 1415 effecisse
602 1370 699 1412 videtur:

55 1445 112 1486 illam
121 1446 178 1487 enim
190 1435 312 1501 prophetiae
323 1450 378 1502 poet
377 1450 423 1500 icae,
437 1449 510 1490 hano
503 1451 554 1490 mstr
549 1449 580 1488 'tn
581 1447 636 1488 tionr
630 1446 699 1499 'dog-

53 1517 136 1559 maticae
151 1519 256 1573 aptiorem
268 1534 320 1562 esse
336 1526 403 1586 patet.
434 1525 463 1564 At
479 1521 591 1564 contrariae
606 1517 699 1582 docendi

19 1635 23 1648 ⁴
52 1592 142 1634 rationis
156 1594 247 1648 vestigia
262 1595 340 1637 iisdem
356 1597 417 1638 libris
434 1610 476 1639 non
487 1600 564 1641 deesse
568 1578 697 1637 nronstrare

46 1678 167 1720 :possumus
183 1667 257 1723 (osni
249 1668 305 1710 Mth.
321 1669 351 1709 28
354 1670 433 1722 ,.211),

114 1729 224 1807 Adventus
245 1743 373 1785 Christit
309 1747 439 1786 tt·1nernns
459 1746 526 1799 Apoc
549 1744 598 1785 loco
621 1743 651 1794 3,
668 1740 698 1782 io

54 1822 112 1878 (coll.
135 1803 160 1873 2
181 1817 203 1857 5
225 1817 260 1858 16.
286 1818 312 1868 3,
326 1817 367 1873 3.)
393 1823 467 1873 aperte
489 1819 620 1860 describitur
646 1815 695 1866 (cfr.

54 1909 124 1950 evang.
140 1894 175 1945 14,
191 1892 242 1943 23);
257 1893 323 1947 igitur
337 1893 360 1933 in
375 1906 400 1933 ea
415 1888 536 1947 prophetiae
550 1895 619 1947 parte,
634 1902 696 1944 quam

52 1961 139 2024 reliquis
157 1968 246 2020 scriptis
266 1968 366 2009 Joanneis
389 1968 513 2009 similiorem
528 1963 695 2020 exspectandam

2 2091 5 2101 ι
26 2077 28 2080 .
54 2057 101 2085 esse
112 2044 156 2098 jam
173 2046 221 2082 ante
236 2042 334 2083 diximus.
424 2095 428 2100 ι

22 2141 26 2145 -
109 2117 132 2166 ln
148 2117 257 2170 evangelio
276 2118 394 2169 communis
412 2116 518 2170 dogmatis
533 2119 588 2166 ratio
603 2116 695 2156 habetur

53 2206 98 2248 cap.
111 2179 130 2245 5,
144 2191 179 2233 28.
195 2191 230 2231 29.
248 2194 270 2231 et
286 2190 431 2246 12,48(111.
448 2192 510 2234 Rom.
526 2193 550 2246 2,
566 2189 617 2248 12)1
638 2187 693 2229 indi-

53 2264 116 2324 catur}
123 2267 158 2309 his
170 2267 224 2307 locis
239 2270 308 2308 status
324 2268 491 2309 resurrectionis
508 2267 557 2320 (cfr.
571 2279 602 2322 eu.
617 2264 639 2314 6,
656 2261 692 2302 39.

10 2364 12 2366 ν
53 2355 98 2397 sqq.
115 2331 152 2410 ll,
167 2338 207 2395 24)
223 2344 245 2381 et
254 2342 334 2397 judicii
349 2342 396 2383 dies
409 2340 442 2396 (ἐν
457 2342 487 2398 τῇ
501 2334 586 2397 ἐσχάτῃ
601 2331 692 2398 ἡμέρᾳ).
765 2374 767 2379 ,

50 2411 138 2480 Reditrlp
160 2415 242 2456 Christi
265 2416 356 2458 visibilis
377 2419 437 2457 certo
460 2416 554 2471 tempori
577 2411 692 2454 adstrictus
763 2454 771 2462 ,Ἰ
