1629 2818
355 127 407 176 '67

47 279 94 327 -.³
124 269 258 322 Discrimen,
282 269 341 324 quod
360 269 382 311 in
401 268 489 324 scriptis
506 267 607 310 Joanncis
623 269 715 312 invicem

65 344 195 398 comparatis
210 347 233 384 et
247 344 320 399 lingua
336 346 359 384 et
373 356 446 384 rerum
459 343 617 384 tractandarum
630 345 714 386 natione

66 421 89 460 et
104 418 160 459 ideis
173 418 228 472 ipsis
241 421 381 473 conspicuum
396 431 445 459 esse
458 418 551 469 dicitur,
574 431 615 472 per
631 420 715 473 singula

67 494 141 536 eundo
154 493 294 548 exploraturi,
310 493 470 535 observationes
484 494 585 548 quasdam
601 494 726 548 praemitti-¹

66 582 125 619 mus,
140 568 162 609 in
176 568 216 608 hac
233 567 384 622 disquisitione
400 568 456 608 haud
473 569 620 622 negligendus.

354 700 374 755 ᾗ.
391 701 426 741 li,

125 776 273 845 Apocalypsin
293 789 416 832 discrimine
434 789 492 830 haud
509 790 587 844 exigno
604 792 629 832 ab
646 793 716 834 Evan-

36 918 41 924 Ι
67 865 125 921 gelio
141 862 286 920 epistolisque
300 863 401 904 Joanneis
416 863 512 915 differre,
528 864 583 905 uuili
599 878 715 920 negamus3

63 931 132 981 ¹immo
146 939 168 979 id
181 928 315 980 necessitate
332 929 421 995 quadam
438 938 519 980 factum
541 952 590 980 esse
604 940 717 981 contendia

67 1026 120 1055 mus.
150 1013 184 1053 Ex
199 1010 268 1067 ipsius
284 1013 384 1053 nimirum
398 1013 431 1053 rei
447 1016 524 1054 natura
538 1013 561 1052 id
568 1014 651 1067 sequi,
664 1027 717 1067 pau-

67 1088 99 1130 cis
115 1087 262 1129 ostendemus,

126 1160 270 1214 Apocalypsis
283 1163 317 1199 est
331 1160 388 1200 liber
398 1160 552 1215 propheticum
569 1160 665 1214 ideoque
681 1165 717 1203 na-

67 1237 110 1277 tiva
118 1247 162 1277 ¹sua
172 1233 247 1275 indole
257 1233 365 1286 poeticus.
389 1233 438 1274 Non
449 1235 579 1275 versatum
591 1237 716 1280 notionibus

68 1311 169 1349 accurate
183 1306 497 1359 definiendis,examinandiS,
514 1306 667 1363 defendendis,
682 1326 718 1353 re-

67 1381 178 1425 futandis:
194 1394 238 1422 non
252 1363 396 1424 utitursolita
409 1383 516 1434 narrandi,
531 1383 666 1436 adhortandi,
683 1399 718 1427 ca·
740 1401 741 1404 ¹

69 1455 164 1512 stigandi
182 1455 279 1497 ratione:
304 1470 375 1514 sermo
397 1470 441 1498 non
466 1458 537 1498 refert
553 1457 717 1515 meditationem

69 1531 156 1573 sedulo·
167 1529 287 1570 institutam
299 1544 379 1586 neque
399 1531 508 1584 vulgarem
524 1519 610 1571 dicandi
627 1544 718 1574 consue·

70 1603 174 1653 tudinem,
211 1603 241 1644 Ac
254 1605 373 1659 phantasiae
387 1607 444 1647 vires
458 1606 531 1661 vigent
548 1608 571 1646 et
584 1607 718 1649 excitantur:

47 1679 174 1733 :imagines
191 1683 316 1731 quaeruntur
335 1684 358 1720 et
378 1683 540 1735 proponuntur:
563 1681 634 1720 omnia
649 1682 719 1724 vivide

71 1753 227 1807 depinguntur,
246 1766 317 1795 sermo
337 1755 363 1795 ad
382 1768 458 1796 seusus
474 1751 599 1815 excitandos
613 1754 719 1810 imprimis

70 1827 227 1868 conuertitur.¹
250 1827 274 1868 Si
297 1828 364 1881 igitur
381 1827 473 1870 Joannes
492 1826 611 1882 Apostolus
634 1828 719 1871 diverso

70 1903 196 1957 argumento
212 1889 320 1942 diueisu'm
335 1915 457 1944 sermonem
469 1916 512 1944 nou
528 1903 660 1954 adaptasset,
675 1914 720 1944 non

70 1982 114 2019 tam
129 1964 242 2029 scriptoris
260 1977 303 2017 sihi
320 1978 438 2017 constantis
451 1978 529 2028 virtus,
554 1989 617 2029 quam
637 1977 720 2031 ingenii

37 2080 38 2083 ,
70 2053 202 2106 argumentis
218 2050 282 2091 uariis
297 2052 429 2103 exponendis
449 2051 523 2092 idonei
539 2049 613 2103 inopia
629 2064 720 2105 appare-

69 2130 111 2169 ret.
143 2126 173 2166 At
187 2132 224 2166 ue*
238 2124 285 2177 quis
301 2127 376 2178 putet,
399 2124 490 2164 divinam
506 2124 669 2178 Apocalypseos
686 2125 720 2167 in-

72 2201 144 2242 dolem
158 2212 185 2240 eo
200 2198 307 2249 imminui,
329 2198 387 2254 quod
400 2210 494 2253 poeseos
514 2186 582 2252 genus
603 2200 626 2239 in
643 2211 668 2239 ca
682 2212 719 2254 eg-

71 2274 192 2323 noscimus,
204 2317 206 2320 ,
216 2272 291 2314 vividae
314 2285 415 2331 sensuum
433 2271 592 2327 profundorum
609 2272 721 2314 adumbra-

70 2338 125 2389 tioni
141 2347 284 2402 aptissimum,
313 2347 372 2398 Non,
388 2346 485 2400 inquam,
501 2345 637 2388 imminuitur
650 2346 722 2389 divina

70 2423 185 2473 revelatio,
207 2425 229 2462 at
245 2424 337 2475 augetur
356 2433 451 2476 poeseos
471 2420 576 2476 dignitas,
594 2433 656 2464 sacro
672 2423 722 2464 usui

555 2509 579 2546 5&
