<?xml version="1.0" encoding="UTF-8"?>
<!DOCTYPE html PUBLIC "-//W3C//DTD XHTML 1.0 Transitional//EN"
    "http://www.w3.org/TR/xhtml1/DTD/xhtml1-transitional.dtd">
<html xmlns="http://www.w3.org/1999/xhtml" xml:lang="en" lang="en">
 <head>
  <title>
</title>
<meta http-equiv="Content-Type" content="text/html;charset=utf-8" />
  <meta name='ocr-system' content='tesseract 3.04.00' />
  <meta name='ocr-capabilities' content='ocr_page ocr_carea ocr_par ocr_line ocrx_word'/>
</head>
<body>
  <div class='ocr_page' id='page_1' title='image "./MN40181ucmf_7_0082.png"; bbox 0 0 1629 2818; ppageno 0'>
   <div class='ocr_carea' id='block_1_1' title="bbox 423 84 538 147">
    <p class='ocr_par' dir='ltr' id='par_1_1' title="bbox 423 84 538 147">
     <span class='ocr_line' id='line_1_1' title="bbox 423 84 538 147; baseline -0.009 0"><span class='ocrx_word' id='word_1_1' title='bbox 423 84 538 147; x_wconf 69' lang='lat' dir='ltr'>ar&#39;</span> 
     </span>
    </p>
   </div>
   <div class='ocr_carea' id='block_1_2' title="bbox 79 236 808 588">
    <p class='ocr_par' dir='ltr' id='par_1_2' title="bbox 79 236 808 588">
     <span class='ocr_line' id='line_1_2' title="bbox 112 236 778 299; baseline 0.003 -20"><span class='ocrx_word' id='word_1_2' title='bbox 112 237 207 291; x_wconf 79' lang='lat' dir='ltr'>iuuatur,</span> <span class='ocrx_word' id='word_1_3' title='bbox 220 239 258 282; x_wconf 87' lang='lat' dir='ltr'>ubi</span> <span class='ocrx_word' id='word_1_4' title='bbox 273 238 383 295; x_wconf 84' lang='lat' dir='ltr'>apostolus</span> <span class='ocrx_word' id='word_1_5' title='bbox 396 237 502 299; x_wconf 48' lang='lat' dir='ltr'>JoauucsR</span> <span class='ocrx_word' id='word_1_6' title='bbox 511 236 588 293; x_wconf 83' lang='lat' dir='ltr'>postea</span> <span class='ocrx_word' id='word_1_7' title='bbox 602 254 665 297; x_wconf 84' lang='lat' dir='ltr'>quam</span> <span class='ocrx_word' id='word_1_8' title='bbox 675 241 759 285; x_wconf 54' lang='lat' dir='ltr'>iu‘ole-</span> <span class='ocrx_word' id='word_1_9' title='bbox 777 271 778 274; x_wconf 66' lang='lat'>,</span> 
     </span>
     <span class='ocr_line' id='line_1_3' title="bbox 79 309 760 368; baseline 0.003 -14"><span class='ocrx_word' id='word_1_10' title='bbox 79 340 84 348; x_wconf 77' lang='lat'><em>-</em></span> <span class='ocrx_word' id='word_1_11' title='bbox 113 326 150 355; x_wconf 88' lang='lat' dir='ltr'>um</span> <span class='ocrx_word' id='word_1_12' title='bbox 162 314 249 368; x_wconf 81' lang='lat' dir='ltr'>igneum</span> <span class='ocrx_word' id='word_1_13' title='bbox 261 309 382 363; x_wconf 87' lang='lat' dir='ltr'>demersus,</span> <span class='ocrx_word' id='word_1_14' title='bbox 397 311 452 353; x_wconf 89' lang='lat' dir='ltr'>nihil</span> <span class='ocrx_word' id='word_1_15' title='bbox 466 324 549 366; x_wconf 74' lang='lat' dir='ltr'>passm,</span> <span class='ocrx_word' id='word_1_16' title='bbox 563 315 586 356; x_wconf 88' lang='lat' dir='ltr'>in</span> <span class='ocrx_word' id='word_1_17' title='bbox 600 316 690 358; x_wconf 88' lang='lat' dir='ltr'>insulam</span> <span class='ocrx_word' id='word_1_18' title='bbox 704 316 760 358; x_wconf 87' lang='lat' dir='ltr'>rele-</span> 
     </span>
     <span class='ocr_line' id='line_1_4' title="bbox 113 386 772 446; baseline 0.005 -17"><span class='ocrx_word' id='word_1_19' title='bbox 113 392 195 445; x_wconf 64' lang='lat' dir='ltr'>gatum*</span> <span class='ocrx_word' id='word_1_20' title='bbox 226 388 275 430; x_wconf 86' lang='lat' dir='ltr'>Non</span> <span class='ocrx_word' id='word_1_21' title='bbox 294 386 364 427; x_wconf 88' lang='lat' dir='ltr'>solum</span> <span class='ocrx_word' id='word_1_22' title='bbox 383 386 471 446; x_wconf 81' lang='lat' dir='ltr'>ioannis</span> <span class='ocrx_word' id='word_1_23' title='bbox 493 400 543 428; x_wconf 90' lang='lat' dir='ltr'>cum</span> <span class='ocrx_word' id='word_1_24' title='bbox 561 387 629 429; x_wconf 87' lang='lat' dir='ltr'>Petro</span> <span class='ocrx_word' id='word_1_25' title='bbox 651 394 675 432; x_wconf 85' lang='lat' dir='ltr'>et</span> <span class='ocrx_word' id='word_1_26' title='bbox 691 390 772 433; x_wconf 77' lang='lat' dir='ltr'>Paulo‘</span> 
     </span>
     <span class='ocr_line' id='line_1_5' title="bbox 113 461 808 518; baseline 0.003 -14"><span class='ocrx_word' id='word_1_27' title='bbox 113 464 236 518; x_wconf 73' lang='lat' dir='ltr'>conjuncto,</span> <span class='ocrx_word' id='word_1_28' title='bbox 258 461 297 503; x_wconf 85' lang='lat' dir='ltr'>sed</span> <span class='ocrx_word' id='word_1_29' title='bbox 310 473 387 515; x_wconf 84' lang='lat' dir='ltr'>poenae</span> <span class='ocrx_word' id='word_1_30' title='bbox 403 474 493 515; x_wconf 76' lang='lat' dir='ltr'>quoquev</span> <span class='ocrx_word' id='word_1_31' title='bbox 506 474 586 516; x_wconf 81' lang='lat' dir='ltr'>genus,</span> <span class='ocrx_word' id='word_1_32' title='bbox 601 463 644 504; x_wconf 86' lang='lat' dir='ltr'>¹hic</span> <span class='ocrx_word' id='word_1_33' title='bbox 661 477 759 512; x_wconf 77' lang='lat' dir='ltr'>comme·</span> <span class='ocrx_word' id='word_1_34' title='bbox 801 496 808 505; x_wconf 74' lang='grc'><em>.</em></span> 
     </span>
     <span class='ocr_line' id='line_1_6' title="bbox 100 536 780 588; baseline 0.001 -8"><span class='ocrx_word' id='word_1_35' title='bbox 100 542 229 588; x_wconf 47' lang='lat' dir='ltr'>«moratum,</span> <span class='ocrx_word' id='word_1_36' title='bbox 245 536 353 578; x_wconf 81' lang='lat' dir='ltr'><strong>Neronem</strong></span> <span class='ocrx_word' id='word_1_37' title='bbox 370 536 428 577; x_wconf 83' lang='lat' dir='ltr'>exilii</span> <span class='ocrx_word' id='word_1_38' title='bbox 442 539 552 576; x_wconf 82' lang='lat' dir='ltr'><strong>auctorem</strong></span> <span class='ocrx_word' id='word_1_39' title='bbox 568 536 631 578; x_wconf 89' lang='lat' dir='ltr'>nobis</span> <span class='ocrx_word' id='word_1_40' title='bbox 647 536 759 581; x_wconf 81' lang='lat' dir='ltr'><strong>describit.</strong></span> <span class='ocrx_word' id='word_1_41' title='bbox 778 576 780 581; x_wconf 94' lang='lat'>.</span> 
     </span>
    </p>
   </div>
   <div class='ocr_carea' id='block_1_3' title="bbox 112 610 760 739">
    <p class='ocr_par' dir='ltr' id='par_1_3' title="bbox 112 610 760 739">
     <span class='ocr_line' id='line_1_7' title="bbox 113 610 760 667; baseline 0 -12"><span class='ocrx_word' id='word_1_42' title='bbox 113 614 137 655; x_wconf 91' lang='lat' dir='ltr'>ld</span> <span class='ocrx_word' id='word_1_43' title='bbox 153 626 238 667; x_wconf 82' lang='lat' dir='ltr'>quoque</span> <span class='ocrx_word' id='word_1_44' title='bbox 252 612 320 652; x_wconf 84' lang='lat' dir='ltr'>sensit</span> <span class='ocrx_word' id='word_1_45' title='bbox 334 611 485 664; x_wconf 81' lang='lat' dir='ltr'>Hieronymus,</span> <span class='ocrx_word' id='word_1_46' title='bbox 502 614 545 666; x_wconf 84' lang='lat' dir='ltr'>qui,</span> <span class='ocrx_word' id='word_1_47' title='bbox 559 610 612 652; x_wconf 91' lang='lat' dir='ltr'>licet</span> <span class='ocrx_word' id='word_1_48' title='bbox 626 613 675 664; x_wconf 89' lang='lat' dir='ltr'>ipse</span> <span class='ocrx_word' id='word_1_49' title='bbox 689 612 760 655; x_wconf 84' lang='lat' dir='ltr'>Euse-</span> 
     </span>
     <span class='ocr_line' id='line_1_8' title="bbox 112 677 759 739; baseline 0 -10"><span class='ocrx_word' id='word_1_50' title='bbox 112 688 144 729; x_wconf 90' lang='lat' dir='ltr'>bii</span> <span class='ocrx_word' id='word_1_51' title='bbox 163 686 301 728; x_wconf 80' lang='lat' dir='ltr'>traditionem</span> <span class='ocrx_word' id='word_1_52' title='bbox 320 677 432 739; x_wconf 51' lang='lat' dir='ltr'>sequatur,¹</span> <span class='ocrx_word' id='word_1_53' title='bbox 460 686 562 726; x_wconf 77' lang='lat' dir='ltr'>adversus</span> <span class='ocrx_word' id='word_1_54' title='bbox 584 684 719 728; x_wconf 82' lang='lat' dir='ltr'>Joviuiauum</span> <span class='ocrx_word' id='word_1_55' title='bbox 738 689 759 739; x_wconf 84' lang='lat'>1,</span> 
     </span>
    </p>
   </div>
   <div class='ocr_carea' id='block_1_4' title="bbox 46 759 794 817">
    <p class='ocr_par' dir='ltr' id='par_1_4' title="bbox 46 759 794 817">
     <span class='ocr_line' id='line_1_9' title="bbox 46 759 794 817; baseline 0 -12"><span class='ocrx_word' id='word_1_56' title='bbox 46 759 50 762; x_wconf 66' lang='grc'><strong>’</strong></span> <span class='ocrx_word' id='word_1_57' title='bbox 112 763 142 805; x_wconf 81' lang='grc'>26</span> <span class='ocrx_word' id='word_1_58' title='bbox 155 763 186 803; x_wconf 85' lang='lat' dir='ltr'>ito</span> <span class='ocrx_word' id='word_1_59' title='bbox 201 761 288 803; x_wconf 82' lang='lat' dir='ltr'>scribit:</span> <span class='ocrx_word' id='word_1_60' title='bbox 310 759 403 812; x_wconf 82' lang='lat' dir='ltr'>„Refert</span> <span class='ocrx_word' id='word_1_61' title='bbox 413 762 489 806; x_wconf 85' lang='lat' dir='ltr'>autem</span> <span class='ocrx_word' id='word_1_62' title='bbox 504 759 658 813; x_wconf 83' lang='lat' dir='ltr'>Tertullianus,</span> <span class='ocrx_word' id='word_1_63' title='bbox 673 763 760 817; x_wconf 88' lang='lat' dir='ltr'>quoda</span> <span class='ocrx_word' id='word_1_64' title='bbox 792 801 794 805; x_wconf 91' lang='lat'>.</span> 
     </span>
    </p>
   </div>
   <div class='ocr_carea' id='block_1_5' title="bbox 57 832 813 2005">
    <p class='ocr_par' dir='ltr' id='par_1_5' title="bbox 57 832 813 2005">
     <span class='ocr_line' id='line_1_10' title="bbox 111 832 813 880; baseline 0.003 -2"><span class='ocrx_word' id='word_1_65' title='bbox 111 836 199 878; x_wconf 85' lang='lat' dir='ltr'>Nerone</span> <span class='ocrx_word' id='word_1_66' title='bbox 214 835 292 876; x_wconf 89' lang='lat' dir='ltr'>missus</span> <span class='ocrx_word' id='word_1_67' title='bbox 308 832 451 876; x_wconf 76' lang='lat' dir='ltr'>interventis</span> <span class='ocrx_word' id='word_1_68' title='bbox 468 834 512 876; x_wconf 90' lang='lat' dir='ltr'>olei</span> <span class='ocrx_word' id='word_1_69' title='bbox 528 835 621 877; x_wconf 90' lang='lat' dir='ltr'>dolium”</span> <span class='ocrx_word' id='word_1_70' title='bbox 635 840 677 879; x_wconf 90' lang='lat' dir='ltr'>etc.</span> <span class='ocrx_word' id='word_1_71' title='bbox 714 837 759 880; x_wconf 90' lang='lat' dir='ltr'>No·</span> <span class='ocrx_word' id='word_1_72' title='bbox 806 858 813 867; x_wconf 60' lang='lat'>2</span> 
     </span>
     <span class='ocr_line' id='line_1_11' title="bbox 112 909 760 966; baseline 0.003 -14"><span class='ocrx_word' id='word_1_73' title='bbox 112 914 178 952; x_wconf 87' lang='lat' dir='ltr'>stram</span> <span class='ocrx_word' id='word_1_74' title='bbox 193 910 299 963; x_wconf 88' lang='lat' dir='ltr'>temporis</span> <span class='ocrx_word' id='word_1_75' title='bbox 312 909 454 963; x_wconf 77' lang='lat' dir='ltr'>&#39;computandi</span> <span class='ocrx_word' id='word_1_76' title='bbox 468 911 574 952; x_wconf 86' lang='lat' dir='ltr'>rationem</span> <span class='ocrx_word' id='word_1_77' title='bbox 594 911 710 966; x_wconf 69' lang='lat' dir='ltr'>antiquiori</span> <span class='ocrx_word' id='word_1_78' title='bbox 724 925 760 953; x_wconf 89' lang='lat' dir='ltr'>ec-</span> 
     </span>
     <span class='ocr_line' id='line_1_12' title="bbox 112 982 760 1038; baseline 0.002 -13"><span class='ocrx_word' id='word_1_79' title='bbox 112 984 186 1025; x_wconf 79' lang='lat' dir='ltr'>clesioe</span> <span class='ocrx_word' id='word_1_80' title='bbox 205 983 317 1037; x_wconf 74' lang='lat' dir='ltr'>probatam</span> <span class='ocrx_word' id='word_1_81' title='bbox 332 982 413 1036; x_wconf 82' lang='lat' dir='ltr'>fuisse,</span> <span class='ocrx_word' id='word_1_82' title='bbox 436 995 463 1023; x_wconf 82' lang='lat' dir='ltr'>ex</span> <span class='ocrx_word' id='word_1_83' title='bbox 476 983 562 1025; x_wconf 79' lang='lat' dir='ltr'>Andrea</span> <span class='ocrx_word' id='word_1_84' title='bbox 580 984 685 1038; x_wconf 79' lang='lat' dir='ltr'>colligere</span> <span class='ocrx_word' id='word_1_85' title='bbox 695 985 760 1037; x_wconf 78' lang='lat' dir='ltr'>licet,</span> 
     </span>
     <span class='ocr_line' id='line_1_13' title="bbox 112 1057 759 1114; baseline 0 -15"><span class='ocrx_word' id='word_1_86' title='bbox 112 1072 178 1114; x_wconf 81' lang='lat' dir='ltr'>quum</span> <span class='ocrx_word' id='word_1_87' title='bbox 192 1057 238 1112; x_wconf 87' lang='lat' dir='ltr'>(ed.</span> <span class='ocrx_word' id='word_1_88' title='bbox 256 1057 317 1112; x_wconf 71' lang='lat' dir='ltr'>Syra.</span> <span class='ocrx_word' id='word_1_89' title='bbox 333 1071 355 1113; x_wconf 88' lang='lat' dir='ltr'>p.</span> <span class='ocrx_word' id='word_1_90' title='bbox 371 1057 401 1098; x_wconf 78' lang='lat'>28</span> <span class='ocrx_word' id='word_1_91' title='bbox 416 1060 459 1112; x_wconf 85' lang='lat' dir='ltr'>sq.)</span> <span class='ocrx_word' id='word_1_92' title='bbox 475 1070 513 1098; x_wconf 89' lang='lat' dir='ltr'>eos</span> <span class='ocrx_word' id='word_1_93' title='bbox 526 1059 645 1112; x_wconf 77' lang='lat' dir='ltr'>impugnet,</span> <span class='ocrx_word' id='word_1_94' title='bbox 661 1057 698 1112; x_wconf 87' lang='lat' dir='ltr'>qui</span> <span class='ocrx_word' id='word_1_95' title='bbox 711 1071 759 1100; x_wconf 86' lang='lat' dir='ltr'>sex-</span> 
     </span>
     <span class='ocr_line' id='line_1_14' title="bbox 112 1129 759 1189; baseline -0.002 -14"><span class='ocrx_word' id='word_1_96' title='bbox 112 1136 159 1175; x_wconf 88' lang='lat' dir='ltr'>tum</span> <span class='ocrx_word' id='word_1_97' title='bbox 177 1133 272 1187; x_wconf 76' lang='lat' dir='ltr'>sigillum</span> <span class='ocrx_word' id='word_1_98' title='bbox 295 1135 372 1189; x_wconf 82' lang='lat' dir='ltr'>(Apcc.</span> <span class='ocrx_word' id='word_1_99' title='bbox 387 1133 415 1185; x_wconf 83' lang='lat'>6,</span> <span class='ocrx_word' id='word_1_100' title='bbox 432 1130 461 1172; x_wconf 83' lang='lat'>12</span> <span class='ocrx_word' id='word_1_101' title='bbox 476 1133 533 1186; x_wconf 82' lang='lat' dir='ltr'>sqq.)</span> <span class='ocrx_word' id='word_1_102' title='bbox 554 1131 581 1172; x_wconf 90' lang='lat' dir='ltr'>de</span> <span class='ocrx_word' id='word_1_103' title='bbox 600 1129 759 1186; x_wconf 83' lang='lat' dir='ltr'>Hierosolymis</span> 
     </span>
     <span class='ocr_line' id='line_1_15' title="bbox 113 1204 759 1263; baseline 0.003 -17"><span class='ocrx_word' id='word_1_104' title='bbox 113 1206 153 1247; x_wconf 91' lang='lat' dir='ltr'>sub</span> <span class='ocrx_word' id='word_1_105' title='bbox 167 1205 301 1261; x_wconf 80' lang='lat' dir='ltr'>Vespasiano</span> <span class='ocrx_word' id='word_1_106' title='bbox 323 1208 440 1263; x_wconf 74' lang='lat' dir='ltr'>perdendis</span> <span class='ocrx_word' id='word_1_107' title='bbox 461 1205 575 1258; x_wconf 86' lang='lat' dir='ltr'>locumque</span> <span class='ocrx_word' id='word_1_108' title='bbox 591 1204 679 1259; x_wconf 81' lang='lat' dir='ltr'>Apocal.</span> <span class='ocrx_word' id='word_1_109' title='bbox 698 1206 725 1259; x_wconf 76' lang='lat'>7,</span> <span class='ocrx_word' id='word_1_110' title='bbox 746 1216 759 1256; x_wconf 86' lang='lat'>1</span> 
     </span>
     <span class='ocr_line' id='line_1_16' title="bbox 112 1279 794 1338; baseline 0.001 -15"><span class='ocrx_word' id='word_1_111' title='bbox 112 1295 145 1336; x_wconf 75' lang='lat' dir='ltr'>sq,</span> <span class='ocrx_word' id='word_1_112' title='bbox 167 1280 195 1321; x_wconf 89' lang='lat' dir='ltr'>de</span> <span class='ocrx_word' id='word_1_113' title='bbox 212 1280 332 1323; x_wconf 77' lang='lat' dir='ltr'>calamitate</span> <span class='ocrx_word' id='word_1_114' title='bbox 351 1280 433 1322; x_wconf 77' lang='lat' dir='ltr'>Judaeis</span> <span class='ocrx_word' id='word_1_115' title='bbox 455 1293 495 1334; x_wconf 87' lang='lat' dir='ltr'>per</span> <span class='ocrx_word' id='word_1_116' title='bbox 515 1279 627 1321; x_wconf 84' lang='lat' dir='ltr'>Romanos</span> <span class='ocrx_word' id='word_1_117' title='bbox 642 1282 759 1337; x_wconf 79' lang='lat' dir='ltr'>infligenda</span> <span class='ocrx_word' id='word_1_118' title='bbox 791 1334 794 1338; x_wconf 68' lang='lat'><em>,</em></span> 
     </span>
     <span class='ocr_line' id='line_1_17' title="bbox 111 1340 780 1411; baseline 0.001 -14"><span class='ocrx_word' id='word_1_119' title='bbox 111 1355 230 1411; x_wconf 81' lang='lat' dir='ltr'>explicent:</span> <span class='ocrx_word' id='word_1_120' title='bbox 247 1366 274 1395; x_wconf 82' lang='lat' dir='ltr'>er</span> <span class='ocrx_word' id='word_1_121' title='bbox 287 1353 378 1410; x_wconf 78' lang='lat' dir='ltr'>Aretho,</span> <span class='ocrx_word' id='word_1_122' title='bbox 396 1354 432 1407; x_wconf 87' lang='lat' dir='ltr'>qui</span> <span class='ocrx_word' id='word_1_123' title='bbox 447 1353 500 1394; x_wconf 90' lang='lat' dir='ltr'>licet</span> <span class='ocrx_word' id='word_1_124' title='bbox 515 1354 557 1394; x_wconf 91' lang='lat' dir='ltr'>alio</span> <span class='ocrx_word' id='word_1_125' title='bbox 572 1354 622 1395; x_wconf 91' lang='lat' dir='ltr'>loco</span> <span class='ocrx_word' id='word_1_126' title='bbox 637 1355 700 1397; x_wconf 88' lang='lat' dir='ltr'>aliani</span> <span class='ocrx_word' id='word_1_127' title='bbox 714 1340 759 1398; x_wconf 87' lang='lat' dir='ltr'>tra·</span> <span class='ocrx_word' id='word_1_128' title='bbox 778 1366 780 1368; x_wconf 84' lang='grc'><em>·</em></span> 
     </span>
     <span class='ocr_line' id='line_1_18' title="bbox 112 1426 759 1483; baseline 0 -11"><span class='ocrx_word' id='word_1_129' title='bbox 112 1426 294 1483; x_wconf 58' lang='lat' dir='ltr'>dit-ionem&#39;sequi</span> <span class='ocrx_word' id='word_1_130' title='bbox 312 1427 410 1470; x_wconf 87' lang='lat' dir='ltr'>videatur</span> <span class='ocrx_word' id='word_1_131' title='bbox 426 1426 458 1481; x_wconf 88' lang='lat' dir='ltr'>(p.</span> <span class='ocrx_word' id='word_1_132' title='bbox 475 1426 519 1468; x_wconf 75' lang='lat'>654</span> <span class='ocrx_word' id='word_1_133' title='bbox 533 1426 567 1468; x_wconf 90' lang='lat' dir='ltr'>ed.</span> <span class='ocrx_word' id='word_1_134' title='bbox 584 1439 634 1483; x_wconf 88' lang='lat' dir='ltr'>opp.</span> <span class='ocrx_word' id='word_1_135' title='bbox 652 1428 759 1483; x_wconf 78' lang='lat' dir='ltr'>Oecum),</span> 
     </span>
     <span class='ocr_line' id='line_1_19' title="bbox 110 1498 760 1559; baseline 0.002 -14"><span class='ocrx_word' id='word_1_136' title='bbox 110 1498 200 1559; x_wconf 83' lang='lat' dir='ltr'>Apocal.</span> <span class='ocrx_word' id='word_1_137' title='bbox 209 1503 236 1554; x_wconf 77' lang='lat'>7,</span> <span class='ocrx_word' id='word_1_138' title='bbox 251 1501 311 1543; x_wconf 74' lang='grc'>1-8</span> <span class='ocrx_word' id='word_1_139' title='bbox 325 1500 462 1543; x_wconf 87' lang='lat' dir='ltr'>autebellum</span> <span class='ocrx_word' id='word_1_140' title='bbox 470 1501 581 1552; x_wconf 86' lang='lat' dir='ltr'>Judaicum</span> <span class='ocrx_word' id='word_1_141' title='bbox 591 1501 676 1556; x_wconf 81' lang='lat' dir='ltr'>Ephesi</span> <span class='ocrx_word' id='word_1_142' title='bbox 691 1506 760 1559; x_wconf 83' lang='lat' dir='ltr'>scrip-</span> 
     </span>
     <span class='ocr_line' id='line_1_20' title="bbox 57 1575 774 1635; baseline 0.001 -16"><span class='ocrx_word' id='word_1_143' title='bbox 57 1588 59 1590; x_wconf 83' lang='lat'>·</span> <span class='ocrx_word' id='word_1_144' title='bbox 111 1580 158 1619; x_wconf 88' lang='lat' dir='ltr'>tum</span> <span class='ocrx_word' id='word_1_145' title='bbox 179 1576 295 1618; x_wconf 83' lang='lat' dir='ltr'>contendat</span> <span class='ocrx_word' id='word_1_146' title='bbox 318 1578 350 1632; x_wconf 84' lang='lat' dir='ltr'>(p.</span> <span class='ocrx_word' id='word_1_147' title='bbox 369 1575 435 1629; x_wconf 79' lang='lat'>713):</span> <span class='ocrx_word' id='word_1_148' title='bbox 458 1577 551 1632; x_wconf 85' lang='lat' dir='ltr'>denique</span> <span class='ocrx_word' id='word_1_149' title='bbox 571 1589 598 1619; x_wconf 86' lang='lat' dir='ltr'>ex</span> <span class='ocrx_word' id='word_1_150' title='bbox 616 1577 774 1635; x_wconf 56' lang='lat' dir='ltr'>inscriptione-=</span> 
     </span>
     <span class='ocr_line' id='line_1_21' title="bbox 110 1650 758 1708; baseline 0.003 -15"><span class='ocrx_word' id='word_1_151' title='bbox 110 1651 216 1693; x_wconf 84' lang='lat' dir='ltr'>versionis</span> <span class='ocrx_word' id='word_1_152' title='bbox 233 1650 328 1705; x_wconf 79' lang='lat' dir='ltr'>Syriacae</span> <span class='ocrx_word' id='word_1_153' title='bbox 344 1651 413 1708; x_wconf 82' lang='lat' dir='ltr'>(edid.</span> <span class='ocrx_word' id='word_1_154' title='bbox 428 1650 495 1693; x_wconf 87' lang='lat' dir='ltr'>Ludv.</span> <span class='ocrx_word' id='word_1_155' title='bbox 508 1652 537 1702; x_wconf 88' lang='lat' dir='ltr'>de</span> <span class='ocrx_word' id='word_1_156' title='bbox 550 1652 613 1693; x_wconf 83' lang='lat' dir='ltr'>Dieu.</span> <span class='ocrx_word' id='word_1_157' title='bbox 627 1650 697 1706; x_wconf 83' lang='lat' dir='ltr'>Lugd.</span> <span class='ocrx_word' id='word_1_158' title='bbox 711 1653 758 1696; x_wconf 85' lang='lat' dir='ltr'>Bat.</span> 
     </span>
     <span class='ocr_line' id='line_1_22' title="bbox 111 1725 760 1780; baseline 0.005 -13"><span class='ocrx_word' id='word_1_159' title='bbox 111 1725 194 1780; x_wconf 74' lang='lat'>1627),</span> <span class='ocrx_word' id='word_1_160' title='bbox 216 1738 264 1779; x_wconf 89' lang='lat' dir='ltr'>quae</span> <span class='ocrx_word' id='word_1_161' title='bbox 279 1725 383 1767; x_wconf 78' lang='lat' dir='ltr'>loannem</span> <span class='ocrx_word' id='word_1_162' title='bbox 398 1725 527 1779; x_wconf 89' lang='lat' dir='ltr'>Apostolum</span> <span class='ocrx_word' id='word_1_163' title='bbox 544 1740 556 1767; x_wconf 90' lang='lat' dir='ltr'>a</span> <span class='ocrx_word' id='word_1_164' title='bbox 572 1725 660 1767; x_wconf 86' lang='lat' dir='ltr'>Nerone</span> <span class='ocrx_word' id='word_1_165' title='bbox 674 1725 760 1770; x_wconf 83' lang='lat' dir='ltr'>Caesare</span> 
     </span>
     <span class='ocr_line' id='line_1_23' title="bbox 110 1799 807 1857; baseline 0.001 -14"><span class='ocrx_word' id='word_1_166' title='bbox 110 1800 231 1856; x_wconf 80' lang='lat' dir='ltr'>relegatum</span> <span class='ocrx_word' id='word_1_167' title='bbox 244 1800 326 1843; x_wconf 83' lang='lat' dir='ltr'>diserte</span> <span class='ocrx_word' id='word_1_168' title='bbox 341 1801 411 1842; x_wconf 82' lang='lat' dir='ltr'>refert</span> <span class='ocrx_word' id='word_1_169' title='bbox 425 1799 476 1856; x_wconf 83' lang='lat' dir='ltr'>(cfr.</span> <span class='ocrx_word' id='word_1_170' title='bbox 492 1799 548 1842; x_wconf 88' lang='lat' dir='ltr'>Bibl.</span> <span class='ocrx_word' id='word_1_171' title='bbox 560 1799 626 1857; x_wconf 81' lang='lat' dir='ltr'>Goisl.</span> <span class='ocrx_word' id='word_1_172' title='bbox 639 1800 677 1843; x_wconf 86' lang='lat' dir='ltr'>ed.</span> <span class='ocrx_word' id='word_1_173' title='bbox 685 1800 759 1844; x_wconf 87' lang='lat' dir='ltr'>Mout-</span> <span class='ocrx_word' id='word_1_174' title='bbox 793 1833 807 1852; x_wconf 53' lang='lat'><em>„</em></span> 
     </span>
     <span class='ocr_line' id='line_1_24' title="bbox 62 1873 759 1929; baseline -0.007 -12"><span class='ocrx_word' id='word_1_175' title='bbox 62 1913 64 1917; x_wconf 93' lang='lat'>.</span> <span class='ocrx_word' id='word_1_176' title='bbox 110 1875 167 1917; x_wconf 82' lang='lat' dir='ltr'>fauo.</span> <span class='ocrx_word' id='word_1_177' title='bbox 182 1879 199 1917; x_wconf 81' lang='lat' dir='ltr'>t.</span> <span class='ocrx_word' id='word_1_178' title='bbox 215 1875 237 1916; x_wconf 80' lang='lat'>2.</span> <span class='ocrx_word' id='word_1_179' title='bbox 253 1889 275 1929; x_wconf 92' lang='lat' dir='ltr'>p.</span> <span class='ocrx_word' id='word_1_180' title='bbox 291 1874 352 1928; x_wconf 76' lang='lat'><strong>277).</strong></span> <span class='ocrx_word' id='word_1_181' title='bbox 746 1873 759 1901; x_wconf 65' lang='grc' dir='ltr'>Γ</span> 
     </span>
     <span class='ocr_line' id='line_1_25' title="bbox 125 1937 772 2005; baseline 0.006 -17"><span class='ocrx_word' id='word_1_182' title='bbox 125 1983 134 1988; x_wconf 78' lang='grc'>,</span> <span class='ocrx_word' id='word_1_183' title='bbox 169 1950 306 2005; x_wconf 82' lang='lat' dir='ltr'>Epiphanius</span> <span class='ocrx_word' id='word_1_184' title='bbox 332 1949 394 2005; x_wconf 83' lang='lat' dir='ltr'>(haer.</span> <span class='ocrx_word' id='word_1_185' title='bbox 414 1948 454 2000; x_wconf 81' lang='lat'>51,</span> <span class='ocrx_word' id='word_1_186' title='bbox 476 1937 543 1991; x_wconf 67' lang='lat' dir='ltr'>lah</span> <span class='ocrx_word' id='word_1_187' title='bbox 565 1945 605 2003; x_wconf 79' lang='lat'>33)</span> <span class='ocrx_word' id='word_1_188' title='bbox 629 1949 772 2005; x_wconf 82' lang='lat' dir='ltr'>Apostolum</span> 
     </span>
    </p>
   </div>
   <div class='ocr_carea' id='block_1_6' title="bbox 22 2023 799 2081">
    <p class='ocr_par' dir='ltr' id='par_1_6' title="bbox 22 2023 799 2081">
     <span class='ocr_line' id='line_1_26' title="bbox 22 2023 799 2081; baseline 0.004 -16"><span class='ocrx_word' id='word_1_189' title='bbox 22 2033 26 2042; x_wconf 84' lang='lat'>&#39;</span> <span class='ocrx_word' id='word_1_190' title='bbox 110 2028 208 2081; x_wconf 82' lang='lat' dir='ltr'>postrum</span> <span class='ocrx_word' id='word_1_191' title='bbox 217 2024 308 2067; x_wconf 81' lang='lat' dir='ltr'>Claudio</span> <span class='ocrx_word' id='word_1_192' title='bbox 323 2027 455 2079; x_wconf 87' lang='lat' dir='ltr'>imperatore</span> <span class='ocrx_word' id='word_1_193' title='bbox 466 2023 586 2078; x_wconf 84' lang='lat' dir='ltr'>relegatum</span> <span class='ocrx_word' id='word_1_194' title='bbox 599 2028 759 2068; x_wconf 78' lang='lat' dir='ltr'>etrevocatui&#39;n</span> <span class='ocrx_word' id='word_1_195' title='bbox 787 2077 799 2080; x_wconf 64' lang='lat'><em>„</em></span> 
     </span>
    </p>
   </div>
   <div class='ocr_carea' id='block_1_7' title="bbox 109 2098 814 2442">
    <p class='ocr_par' dir='ltr' id='par_1_7' title="bbox 109 2098 814 2442">
     <span class='ocr_line' id='line_1_27' title="bbox 111 2098 814 2160; baseline 0.003 -20"><span class='ocrx_word' id='word_1_196' title='bbox 111 2098 175 2147; x_wconf 86' lang='lat' dir='ltr'>dicit:</span> <span class='ocrx_word' id='word_1_197' title='bbox 197 2099 323 2153; x_wconf 88' lang='lat' dir='ltr'>quodlicet</span> <span class='ocrx_word' id='word_1_198' title='bbox 342 2112 485 2153; x_wconf 77' lang='lat' dir='ltr'>comparum</span> <span class='ocrx_word' id='word_1_199' title='bbox 502 2102 563 2160; x_wconf 87' lang='lat' dir='ltr'>recte</span> <span class='ocrx_word' id='word_1_200' title='bbox 584 2100 686 2141; x_wconf 88' lang='lat' dir='ltr'>statuisse</span> <span class='ocrx_word' id='word_1_201' title='bbox 698 2101 759 2142; x_wconf 67' lang='lat' dir='ltr'>arbi-⁴</span> <span class='ocrx_word' id='word_1_202' title='bbox 783 2104 785 2109; x_wconf 85' lang='grc'><em>“</em></span> <span class='ocrx_word' id='word_1_203' title='bbox 812 2144 814 2151; x_wconf 63' lang='grc'>,</span> 
     </span>
     <span class='ocr_line' id='line_1_28' title="bbox 109 2171 759 2233; baseline 0 -18"><span class='ocrx_word' id='word_1_204' title='bbox 109 2171 200 2233; x_wconf 80' lang='lat' dir='ltr'>tremur,</span> <span class='ocrx_word' id='word_1_205' title='bbox 213 2177 281 2228; x_wconf 88' lang='lat' dir='ltr'>patet,</span> <span class='ocrx_word' id='word_1_206' title='bbox 297 2187 347 2215; x_wconf 90' lang='lat' dir='ltr'>eum</span> <span class='ocrx_word' id='word_1_207' title='bbox 360 2172 607 2228; x_wconf 74' lang='lat' dir='ltr'>quoqueApocalypsin</span> <span class='ocrx_word' id='word_1_208' title='bbox 619 2178 669 2216; x_wconf 88' lang='lat' dir='ltr'>ante</span> <span class='ocrx_word' id='word_1_209' title='bbox 679 2175 759 2216; x_wconf 87' lang='lat' dir='ltr'>Hiero-</span> 
     </span>
     <span class='ocr_line' id='line_1_29' title="bbox 110 2248 806 2304; baseline -0.001 -13"><span class='ocrx_word' id='word_1_210' title='bbox 110 2250 200 2302; x_wconf 79' lang='lat' dir='ltr'>solymae</span> <span class='ocrx_word' id='word_1_211' title='bbox 220 2249 327 2290; x_wconf 82' lang='lat' dir='ltr'>excidium</span> <span class='ocrx_word' id='word_1_212' title='bbox 349 2248 452 2302; x_wconf 87' lang='lat' dir='ltr'>scriptam</span> <span class='ocrx_word' id='word_1_213' title='bbox 469 2249 614 2302; x_wconf 78' lang='lat' dir='ltr'>existimasse,</span> <span class='ocrx_word' id='word_1_214' title='bbox 631 2250 759 2304; x_wconf 80' lang='lat' dir='ltr'>nullamque</span> <span class='ocrx_word' id='word_1_215' title='bbox 804 2261 806 2264; x_wconf 75' lang='grc'>’</span> 
     </span>
     <span class='ocr_line' id='line_1_30' title="bbox 109 2322 798 2378; baseline 0.001 -14"><span class='ocrx_word' id='word_1_216' title='bbox 109 2323 133 2365; x_wconf 90' lang='lat' dir='ltr'>in</span> <span class='ocrx_word' id='word_1_217' title='bbox 151 2326 253 2378; x_wconf 88' lang='lat' dir='ltr'>tempore</span> <span class='ocrx_word' id='word_1_218' title='bbox 273 2324 332 2365; x_wconf 85' lang='lat' dir='ltr'>exilii</span> <span class='ocrx_word' id='word_1_219' title='bbox 354 2322 506 2366; x_wconf 87' lang='lat' dir='ltr'>constituendo</span> <span class='ocrx_word' id='word_1_220' title='bbox 527 2324 616 2372; x_wconf 88' lang='lat' dir='ltr'>serioris</span> <span class='ocrx_word' id='word_1_221' title='bbox 635 2324 758 2365; x_wconf 81' lang='lat' dir='ltr'>traditionis</span> <span class='ocrx_word' id='word_1_222' title='bbox 796 2331 798 2342; x_wconf 67' lang='lat'>¹</span> 
     </span>
     <span class='ocr_line' id='line_1_31' title="bbox 110 2398 342 2442; baseline -0.009 -1"><span class='ocrx_word' id='word_1_223' title='bbox 110 2398 180 2442; x_wconf 79' lang='lat' dir='ltr'>fuisse</span> <span class='ocrx_word' id='word_1_224' title='bbox 194 2400 342 2441; x_wconf 75' lang='lat' dir='ltr'>constantiam,</span> 
     </span>
    </p>
   </div>
   <div class='ocr_carea' id='block_1_8' title="bbox 0 0 820 2818">
    <p class='ocr_par' dir='ltr' id='par_1_8' title="bbox 0 0 820 2818">
     <span class='ocr_line' id='line_1_32' title="bbox 0 0 820 2818; baseline 0 0"><span class='ocrx_word' id='word_1_225' title='bbox 0 0 820 2818; x_wconf 95' lang='lat' dir='ltr'> </span> 
     </span>
    </p>
   </div>
  </div>
 </body>
</html>
