1629 2818
374 133 404 176 57

11 281 28 320 ,’
63 269 218 316 dnodenarium
240 262 370 312 teneamus?
410 267 516 320 Putares,
538 269 604 323 ipsos
627 269 710 309 tantum

7 340 9 343 ’
63 344 146 387 Christi
164 345 283 401 discipulos
295 332 317 386 'a
333 344 426 385 Domino
441 342 561 399 Apostolos
579 343 710 397 constitutos

8 425 11 430 '
62 419 99 462 hic
117 404 222 461 indiccri‘l
260 420 337 480 Jndam
351 417 491 460 Isehariotem
512 417 613 459 ccclesiae
634 415 711 458 funda-

63 494 183 538 mentisvix
190 496 425 546 annnmeranttanctm,
433 494 530 549 quisquis
538 491 613 535 fuerit.
632 492 712 550 Osten-

63 568 96 610 dit
114 573 221 623 praeterea
241 570 338 610 tribuum
357 568 492 610 iudaicarntn
509 569 610 609 recensio
633 567 712 621 (Apoc.

63 656 82 686 c.
97 641 142 700 72),
158 646 207 688 ficri
221 644 329 700 potuisse,
352 648 378 686 ut
391 643 414 685 in
427 644 539 699 Apostolis
556 654 643 698 qnoque
660 654 712 683 enu-

63 721 171 763 merandis
186 710 296 776 vulgarem
312 720 489 762 consuetudinem
504 720 639 773 relinqueret
652 716 713 771 Apo-

14 820 17 823 ·
61 784 164 850 eclypsis.
195 794 275 837 Parum
290 794 333 836 sibi
349 793 543 843 constatLiickins,
561 795 598 847 qui
611 792 648 834 hic
661 804 713 833 con-

64 870 151 921 tendat,
166 868 254 912 facilins
271 869 362 925 cogitari
374 881 452 924 posse,
468 868 495 909 ab
510 867 553 909 alio
567 867 659 923 quodam
672 866 713 908 ho-

64 944 128 996 mine,
140 944 253 1000 Apostolis
261 946 305 987 non
314 939 431 1000 adscripto,
440 944 538 996 Panlnm,
551 943 583 983 illi
591 956 634 984 non
642 943 712 997 probe

65 1018 195 1073 cognitum,
215 1016 308 1074 vulgaris
328 1021 412 1061 numeri
435 1020 505 1074 gratia
518 1030 577 1059 ‘esse
601 1019 712 1063 omissum.

17 1093 18 1096 ’
63 1080 118 1134 Nam
126 1093 204 1147 ipsius
220 1092 299 1154 Iriicliiv
312 1093 340 1134 de
353 1093 437 1149 origine
448 1093 613 1148 Apocalypseos
625 1092 714 1147 conjec-

62 1171 113 1208 tura
135 1167 167 1222 (p.
186 1166 241 1222 394)
264 1167 361 1210 Paulinae
384 1167 488 1209 doctrinae
512 1171 589 1222 typum
610 1168 634 1208 in
649 1166 712 1227 ¹Apo-

64 1241 147 1296 calypsi
160 1239 301 1284 fundamento
317 1243 511 1298 positamstatnit:
528 1242 637 1297 quomodo
653 1256 713 1299 ergo,
795 1299 801 1303 .

63 1317 102 1371 qui
117 1328 164 1359 eam
180 1318 278 1372 scripsit,
296 1316 387 1359 Paulum
400 1318 501 1374 ignorare
515 1318 602 1373 potnit?

366 1431 387 1491 §ss
401 1434 456 1478 15.»

91 1549 101 1574 χ
122 1509 210 1568 ioannis
227 1525 330 1580 Apostoli
350 1526 373 1567 in
389 1525 522 1581 Apocalypsi
542 1526 633 1582 vestigia
653 1538 714 1569 mon-

65 1603 171 1653 strantes,
186 1599 213 1642 ad
228 1599 342 1642 historiam
355 1601 402 1656 ejus
414 1600 532 1642 traditione
543 1607 649 1643 servatam
663 1615 715 1657 pro·
755 1599 758 1603 ”

62 1661 194 1735 ινςκεινίιιῃιέ.
239 1676 311 1729 Quare
336 1674 520 1729 consultissimum
543 1678 606 1726 nobis
629 1677 715 1719 videtur
766 1695 769 1699 >

67 1738 125 1802 eam,
147 1753 253 1805 qnatenus
269 1749 296 1790 ad
312 1749 486 1804 disquisitionem
502 1754 596 1794 nostram
612 1751 715 1807 pertinet,

65 1824 141 1880 paucis
157 1823 194 1865 hie
211 1824 319 1879 attingere
327 1814 358 1878 ἶ).
406 1881 408 1884 Ι

123 1897 227 1940 loannem
246 1899 377 1955 Apostolum
397 1900 420 1941 in
438 1900 491 1943 Asia
510 1898 606 1950 minore,
629 1896 715 1953 Ephesi

65 1973 184 2030 imprimis,
200 1973 239 2015 diu
254 1986 303 2014 esso
317 1977 439 2025 versatum,
453 1986 517 2028 snpra
534 1973 633 2015 diximus.
666 1973 715 2027 Quo

65 2043 165 2102 temporo
192 2047 383 2101 eogpervenerit,
413 2052 514 2089 accurate
540 2049 645 2090 constitui
671 2049 715 2090 non

65 2125 172 2178 potcstc„
185 2122 248 2163 Anno
268 2122 317 2164 fere
337 2124 471 2178 sexagesimo
485 2122 647 2178 Hierosolymis
665 2135 714 2164 eum

65 2211 108 2240 non
125 2196 216 2252 amplius
233 2195 313 2249 fuisse,
335 2211 361 2238 ex
373 2197 439 2250 Actis
454 2199 532 2254 Apost.
548 2198 589 2251 21,
605 2198 635 2239 18
651 2197 714 2253 sequi

82 2325 100 2371 ¹)
113 2326 144 2362 cfr.
158 2324 228 2385 Lampe
239 2329 337 2374 comment.
352 2325 371 2360 in
388 2337 452 2373 evang.
465 2327 517 2363 Joan.
532 2326 633 2374 prolegom.
652 2325 683 2360 lib.
697 2328 714 2361 1.

10 2415 15 2418 κ
90 2412 94 2419 .
113 2389 227 2438 Assrqiqetoer
239 2387 290 2448 Aioi
308 2389 340 2426 rin.
356 2389 409 2447 stitit
425 2388 476 2429 ‘itini
493 2391 511 2427 tn
526 2389 542 2427 t.
555 2388 622 2437 druto.
637 2388 680 2435 Stoi.
696 2403 713 2436 p.
795 2425 797 2427 ,

115 2452 138 2488 77
151 2465 191 2500 sqq.
660 2467 662 2471 ’
