1629 2818
365 117 490 190 63

59 235 124 297 'euru
138 253 227 296 Joannrs
242 254 302 296 aare
315 260 337 306 3,
353 252 389 294 18.
404 253 452 296 0011.
469 253 491 305 a,
506 251 541 295 17.
558 253 609 295 on.
623 254 704 297 naseu.

58 327 316 393 chronie.v01ymp.s2l5.
335 326 386 369 217.
405 328 466 381 218,
489 331 604 371 sententiae
626 329 704 370 confir-

58 404 141 447 mandae
154 405 222 460 gratia
236 404 346 447 addidisse
357 401 426 445 rideri
440 404 511 458 possit
521 402 640 445 Eusebius:
657 414 707 443 eum

58 469 104 521 sub*
114 478 184 521 Nerva
202 484 325 522 revocatum
346 491 373 519 ex
390 479 514 532 conjectura
531 476 612 532 (confr.
625 477 651 529 3,
664 476 705 532 21))
785 508 787 513 ,

34 562 37 564 ’
58 555 162 596 statuisse
184 554 289 608 (chronic.
313 552 398 607 Olymp,
421 551 483 609 219).
521 551 624 604 Accedit,
647 550 705 606 qnod

58 629 180 685 Hegesippi
191 634 214 671 et
221 629 352 672 Tertulliani
366 629 441 679 verba,
456 641 504 682 quoe
518 627 597 681 allegat
611 626 644 679 (3,
657 624 706 684 20),

58 718 106 746 cum
120 708 242 747 narratione
253 702 344 745 Eusebii
360 702 478 756 nonplane
493 702 616 743 consentire
630 702 705 745 viden-

58 782 106 830 tur,
130 780 188 833 quod
208 761 315 833 praeterea
330 779 435 832 temporis
454 777 533 818 indicia
550 776 643 829 invenit,
667 778 705 820 uhi

57 852 115 894 nulla
131 856 181 894 sunt
196 853 232 904 (3,
248 852 278 894 23
294 854 317 894 in
332 854 454 893 narratione
470 851 606 907 Clementis).

119 927 150 967 Ut
167 935 239 968 autem
255 926 388 981 hypothesin
409 929 544 979 sequeretur,
570 938 596 966 eo
619 926 706 970 facilius

47 1000 135 1051 vadduci
149 1002 250 1055 potuisse
264 1001 373 1042 Eusebius
387 1000 481 1051 videtur,
497 1000 554 1055 qnod
569 1002 705 1056 antiquorum

24 1059 27 1062 ⁴
58 1079 188 1131 scriptorum
209 1076 280 1117 nullus
298 1073 453 1130 imperatorem
474 1075 539 1131 hujus
556 1077 615 1118 exilii
631 1078 706 1121 aucto-

57 1163 114 1201 rem,
137 1150 220 1192 diserte
246 1150 375 1201 nominavit,
403 1162 474 1204 neque
495 1149 643 1193 Tertullianus
667 1155 706 1204 (de

58 1236 146 1278 praescr.
154 1224 208 1265 haer.
219 1223 265 1277 36.)
279 1230 350 1278 neque
363 1221 462 1265 Clemens
471 1224 628 1268 Alexandrinus
641 1227 704 1282 (llus.

57 1299 79 1340 h.
93 1312 112 1341 e.
127 1298 154 1351 3,
166 1299 203 1340 23.
220 1290 231 1341 ὃ
247 1291 360 1354 τύραννος)
374 1311 445 1353 neque
455 1298 566 1353 'Origenes
581 1306 666 1352 (comm.
682 1307 705 1348 in

57 1372 136 1415 Matth.
151 1374 184 1415 ed.
201 1373 262 1415 dela
276 1373 324 1415 Rue
339 1372 365 1415 T.
381 1373 401 1414 3.
416 1388 437 1428 p.
448 1372 498 1414 ¹720.
516 1367 527 1417 ὃ
542 1366 649 1434 ‘populor
665 1383 704 1436 βα-

57 1440 146 1499 σιλεύς).
183 1447 239 1489 Huic
254 1450 326 1489 autem
340 1448 373 1488 rei
389 1451 470 1488 nostrae
483 1447 632 1503 hypotheseos
649 1469 706 1509 prae-
768 1462 772 1469 ’·

58 1521 137 1562 sidium
152 1522 225 1563 inesse
241 1522 338 1564 videtur:
357 1522 376 1563 si
393 1521 450 1562 enim
467 1534 479 1561 a
493 1521 580 1566 Nerone
594 1527 704 1582 relegatos

16 1629 18 1634 2
57 1596 246 1648 fuerit'doannes,
270 1597 296 1637 ah
313 1594 402 1646 eodem,
420 1597 457 1651 qui
472 1596 561 1639 Petrum
577 1602 600 1640 et
615 1601 706 1645 Paulum

57 1673 159 1723 interfici,
175 1673 213 1727 qui
228 1672 363 1714 Christianos
381 1672 532 1714 crudelissime
547 1676 618 1716 vexari
628 1677 705 1731 jussit,

57 1747 122 1789 facile
139 1748 268 1802 explicatur,
290 1760 330 1787 cur
350 1749 464 1800 tyrannum
477 1761 580 1802 expresse
594 1752 704 1794 nominare

58 1833 101 1862 non
115 1824 263 1863 necessarium
280 1821 412 1877 judicaverit
429 1816 525 1864 traditio.
562 1822 600 1864 Sic
618 1839 704 1882 quoque

58 1908 107 1937 cum
128 1895 246 1937 traditione
267 1896 391 1952 Hegesippi
411 1901 434 1938 et
451 1897 580 1939 Tertulliani
602 1898 666 1954 (Eus.
682 1902 704 1954 3,

57 1969 93 2011 20.
108 1968 170 2031 Tert.
184 1971 248 2025 Apol.
266 1971 312 2013 adv.
334 1975 409 2028 gentes
425 1986 442 2013 c.
459 1971 485 2026 5)
506 1973 583 2015 melius
604 1980 706 2019 constare

57 2045 155 2095 videtur,
172 2046 239 2101 quod,
259 2049 344 2088 mortuo
357 2046 442 2088 demum
454 2048 586 2102 imperatore
603 2047 667 2103 (llus.
684 2052 705 2103 3,

58 2118 110 2173 23),
130 2120 223 2161 loannes
236 2126 349 2162 revocatus
365 2124 404 2162 est.
436 2121 532 2176 Egregie
549 2122 622 2165 faveut
643 2127 707 2169 nohis

59 2195 123 2237 verba
139 2193 271 2237 Tertulliani
286 2188 326 2251 (de
340 2208 428 2251 praescr.
443 2196 496 2238 haer.
510 2197 561 2250 36);
577 2199 656 2251 „Felix
671 2215 708 2243 ec-

59 2270 181 2322 clesia',(se.
197 2269 315 2324 Romana),
332 2271 367 2312 cui
383 2273 451 2329 totam
467 2270 586 2314 doctrinam
602 2275 705 2329 apostoli-

60 2360 106 2390 cam
122 2345 225 2400 sanguine
240 2359 279 2387 suo
296 2346 451 2401 profuderunt:
464 2345 502 2386 ubi
516 2345 596 2389 Petrus
610 2349 706 2403 passioni

59 2422 167 2482 dominico
185 2420 320 2476 adaequatnr,
342 2421 381 2462 ubi
396 2420 477 2463 Paulus
491 2421 580 2464 Joannis
596 2422 654 2463 exitu
669 2435 706 2466 co-
