1629 2818
398 169 400 172 .
408 128 438 170 44

101 257 154 300 tiam
167 258 226 301 hand
235 260 319 302 infirmo
334 257 434 303 subsidio
444 259 534 302 munivit
545 261 655 305 Gersdorf
667 260 765 315 (dicitas-

102 333 232 385 attentant
241 332 350 389 thanaim
367 335 386 377 a
402 332 503 384 Cdtitttt
520 336 538 376 a
555 335 618 380 {lt
603 348 626 381 a
640 337 691 390 ista
704 335 745 390 ah)

101 421 124 463 p
138 409 168 451 38
183 410 246 464 sqq..)
280 405 378 448 Eandem
393 409 459 451 crisin
474 409 497 449 in
512 408 574 452 libris
588 412 657 454 sacris
673 410 770 453 dubiae'

102 483 225 525 traditionis
246 483 389 525 examinandis
408 484 459 538 quin
476 486 524 545 rect
525 496 538 524 e
559 484 677 539 adhibitam
696 498 746 527 esse
779 523 780 526 ,

102 559 231 612 statuamus,
246 570 290 599 non
303 556 432 599 dubitamus.

162 633 192 679 At
206 632 253 673 haec
265 632 328 672 crisis
340 631 425 673 interna
434 633 502 684 fines,
517 632 595 687 quibus
610 633 746 674 circumscri-

100 706 171 749 benda
184 709 229 757 est,
244 707 349 758 excessit,
364 707 491 766 subjectivae
505 706 612 763 opinionis
626 706 746 747 temeritati
769 707 784 730 ·’

100 781 217 822 latissimos
233 793 320 835 campos
336 783 432 837 aperuit,
455 781 607 834 difficultates,
630 792 682 834 quas
701 780 745 821 sol-

99 853 150 896 uere
167 855 265 897 scientiae
277 859 349 906 esset,
364 855 390 896 ad
404 855 529 898 reverendae
538 848 656 910 Scripturae
670 855 746 909 aucto-

99 930 186 971 ritatem
206 929 324 970 tollendam
348 930 450 971 sufficere
471 934 524 972 rata.
567 930 632 971 Fidei
653 929 746 983 vitaeque
810 945 811 952 ¹

99 1003 222 1046 christianae
246 1016 342 1045 normam
365 1004 450 1046 Sacram
475 1004 609 1059 Scripturam
631 1005 745 1045 veneratur
785 1029 787 1031 ψ

99 1080 193 1121 eeclesia
203 1078 336 1132 evangeliea,
351 1078 485 1133 Apostolicae
495 1079 593 1134 veritatis
606 1063 746 1118 monumenta
779 1098 781 1107 =

99 1154 136 1195 hic
154 1152 262 1207 agnoscit,
285 1151 327 1193 Dei
347 1152 418 1193 credit
435 1152 511 1203 verba,
534 1152 572 1206 pio
591 1154 660 1195 animo
680 1149 756 1208 atque

100 1227 208 1269 submisso
230 1225 327 1267 colenda.
366 1228 438 1279 Quare
458 1227 533 1269 literas
554 1241 625 1270 sacras
643 1241 686 1269 non
704 1227 747 1268 nisi

98 1301 209 1345 hominum
228 1299 357 1353 ignobilium
375 1300 464 1342 fraudes
485 1305 550 1355 atque
567 1289 673 1356 figmenta
688 1314 745 1351 esse,
756 1299 763 1313 ⁸
802 1289 805 1296 ¹

98 1373 225 1433 persuaderi
245 1385 354 1426 uunquam
377 1374 476 1415 ecclesiae
496 1375 588 1429 poterit,
612 1378 636 1416 et
656 1363 704 1430 qnae
722 1374 746 1416 in

99 1448 206 1506 ejusmodi
220 1448 347 1491 commentis
363 1448 491 1490 adornandis
506 1454 605 1491 versatur
619 1450 692 1501 crisis,
708 1462 745 1490 ve-

98 1524 158 1567 ritati
169 1538 194 1566 ac
206 1522 284 1576 pietati
297 1521 395 1571 inimica,
412 1535 455 1563 uon
464 1525 541 1576 potest
553 1536 597 1565 non
606 1524 632 1565 ab
644 1523 744 1565 ecclesiae

98 1599 174 1643 notari.
207 1597 231 1639 Si
244 1609 311 1652 porro
328 1609 372 1637 non
386 1596 456 1637 solum
470 1597 545 1639 literas
561 1612 632 1640 sacras
647 1597 745 1653 agnoseit
781 1629 782 1632 ,

98 1674 202 1724 ecclesia,
223 1671 263 1713 sed
278 1674 350 1712 certos
365 1683 453 1725 quoque
466 1672 535 1712 libros
547 1672 591 1712 hoc
605 1673 692 1713 nomine
709 1684 745 1711 or-

97 1748 179 1792 nandos
193 1759 243 1788 esse
257 1745 338 1798 credit,
353 1735 427 1800 patet,
441 1748 466 1787 nt
476 1745 548 1788 Sacrae
560 1745 684 1803 Scripturae¹
693 1761 744 1789 aue-

96 1825 174 1867 toritas
190 1821 304 1864 incolumis
319 1823 414 1873 mancat,
439 1833 477 1863 eos
494 1820 563 1863 libros
577 1824 675 1877 genuinae
691 1823 743 1865 tidei

42 1923 44 1925 -
97 1910 192 1941 normam
208 1908 295 1951 semper
309 1908 358 1936 esse
371 1895 494 1950 habendos,
512 1910 565 1951 quos
581 1896 743 1950 plenuseccle-
775 1949 777 1951 V

98 1972 191 2014 siasticae
210 1970 334 2012 traditionis
354 1982 473 2012 consensus
493 1971 611 2014 admiserit.
645 1971 731 2013 Nam
715 1986 743 2013 ns

98 2046 189 2101 spretis,
216 2044 329 2099 scripturae
351 2043 491 2086 fundamenta
512 2046 586 2107 sperni
605 2045 744 2086 manifestum

98 2124 138 2163 est.
168 2120 213 2160 Has
224 2121 295 2160 autem
309 2118 370 2174 leges
383 2119 425 2172 sihi
434 2132 478 2161 non
492 2119 584 2173 scriptas
601 2119 683 2174 opinati
694 2121 744 2159 sunt

97 2195 168 2239 critici
187 2194 246 2235 haud
260 2194 337 2248 pauci:
357 2194 410 2248 quid
426 2195 483 2236 enim
499 2207 571 2249 quaeso
589 2195 693 2237 intactum
708 2188 743 2235 re-

96 2268 224 2326 liquerunt?
255 2266 343 2308 Joaunis
360 2269 493 2323 evangelium
508 2270 605 2324 spurium
616 2269 744 2325 judicarunt
777 2304 780 2307 s

84 2345 243 2398 [Echermamn
257 2341 276 2383 J.
284 2342 311 2384 Ε.
320 2342 344 2384 Ο,
353 2343 465 2395 Schmidt,
479 2342 562 2399 Vogel,
577 2342 658 2393 Horst,
679 2342 743 2384 Bret-

41 2455 57 2470 ,.
96 2418 224 2468 schneider3
245 2417 300 2461 Aeta
316 2417 471 2474 Apostolorum
487 2431 499 2459 a
514 2417 574 2460 Luca
588 2418 670 2472 scripta
686 2430 742 2469 esse,
