1629 2818
303 165 306 169 ι
367 101 440 168 ,118

87 233 179 281 ⁴titulus
195 234 280 277 latioris
295 232 411 293 ambitus,
423 233 493 289 quod,
516 235 601 278 etiarnsi
616 234 745 285 disertist.

39 350 40 353 ,
102 308 130 352 Τ.
144 310 200 354 locis
215 311 274 367 (001.
286 301 468 370 4‚⁴12.f1¹hil3.jg,ss1,
484 309 518 365 1.)
533 312 621 364 probari
637 326 681 354 non
695 324 746 368 pos-

103 380 154 436 set,
174 398 200 426 ex
215 388 263 440 ipsa
280 384 317 439 rei
330 387 407 436 natura
423 372 561 425 {lanifestum
577 392 642 429 esset.
677 379 746 440 Quum
787 422 788 425 ,

102 459 204 513 Apostoli
218 459 299 502 nomini
315 460 457 515 conjungatur
472 459 497 511 (2
510 459 570 501 Pet-r.
585 462 607 512 1,
621 463 663 516 L),
680 463 746 503 abeo

102 538 163 576 recte
182 535 316 577 discernitur.
353 533 483 589 Apostolum
503 537 575 574 autem
597 534 639 576 lroc
660 535 747 577 nomine
765 535 767 539 “

103 613 154 664 apte
171 610 203 651 uti
221 622 297 663 posse,
320 621 383 649 nemo
401 599 500 662 negabit3
520 607 586 662 idque
605 596 680 650 nostro
697 609 746 649 loco

102 685 182 726 factum
202 697 261 735 esse,
285 683 351 725 verba
367 681 440 724 addita
457 682 524 724 nobis
540 681 678 737 persuadent.
709 682 747 736 Di-

102 759 159 800 citur
170 759 227 799 enim
238 758 297 800 idem
309 756 402 798 Joanncs
413 758 533 799 doctrinam
546 757 588 799 Dei
604 760 669 811 atque
683 757 747 818 testi-

101 835 197 875 monium
215 833 242 874 de
267 831 355 873 Christo
376 832 489 887 professus
510 847 559 875 esse
584 832 640 889 (sive
660 831 748 885 publica
781 875 783 878 ,

100 907 241 964 professione
252 904 412 962 promulgasse]
430 921 505 963 eaque,
521 922 568 963 quae
581 907 695 963 professus
711 907 747 956 sit,

101 982 188 1025 vidisse.
221 981 387 1037 Gonjunguntur
402 974 413 1025 ὁ
429 976 492 1039 λόγος
503 983 542 1027 τοῦ
554 983 599 1026 Θεοῦ
613 980 651 1026 καὶ
664 976 679 1041 ἡ
693 999 748 1039 μαρ-

101 1054 165 1113 τυρία
184 1056 200 1100 Ι,
217 1056 257 1112 Χρ,
278 1057 338 1109 (coll.
356 1047 434 1099 lco‘r.
452 1057 513 1109 1,o.
541 1058 590 1106 Act.
604 1056 651 1116 22Σ
665 1056 704 1110 18)
720 1057 750 1098 ad·

102 1144 204 1172 summam
221 1130 274 1173 fidei
291 1132 413 1174 christianae
432 1131 602 1186 exprimendam,
627 1135 652 1173 ut
668 1133 747 1186 saepius

102 1207 126 1248 in
141 1206 274 1261 Apocalypsi
292 1206 371 1259 (confr¹
385 1207 407 1259 l,
422 1207 444 1248 9.
467 1206 489 1260 o,
503 1207 525 1247 9.
548 1205 585 1257 2⁰,
599 1208 620 1249 4.
641 1207 678 1261 12,
693 1208 747 1261 IL).

102 1280 176 1324 Verba
191 1283 303 1323 commatis
318 1282 387 1323 nostri
403 1294 447 1323 non
463 1284 544 1322 tantum
564 1281 674 1324 hominem
690 1283 747 1325 chri*-

102 1356 195 1397 stianum
215 1354 352 1406 describunt,
372 1377 400 1385 -·
420 1355 444 1396 id
463 1356 520 1396 enim
539 1357 587 1398 aliis
606 1357 679 1398 verbis
698 1358 748 1398 ficri
784 1413 786 1416 v

102 1430 159 1473 solet
173 1432 242 1486 Apoc.
259 1429 345 1480 1217.
367 1429 403 1482 14,
419 1430 454 1473 12.
478 1431 514 1483 19,
531 1431 578 1483 lo,
596 1454 622 1461 -
640 1431 680 1473 sed
695 1431 748 1473 doc-

100 1510 172 1548 torem
187 1505 251 1547 simul
266 1504 417 1556 christianum,
439 1506 497 1560 quod
512 1507 619 1561 imprimis
635 1507 701 1561 verba
714 1507 747 1548 ul-

101 1582 153 1623 tima
171 1574 215 1624 licor
230 1572 272 1623 εἶδε
290 1580 414 1621 ostendunt.
447 1580 505 1636 Quid
523 1582 580 1622 enim
599 1583 671 1637 aptius
691 1583 747 1626 indi-

102 1660 163 1708 cant,
177 1670 240 1711 quam
249 1654 301 1696 fidei
310 1655 452 1710 promulgate
462 1657 576 1698 veritatem
591 1658 686 1711 praeconi
702 1671 748 1699 omn

101 1733 153 1774 nino
176 1735 267 1781 certam,
295 1729 407 1770 oculorum
429 1730 556 1772 testimonio
577 1735 747 1785 superstructum

102 1807 187 1848 fuisse?
201 1829 230 1837 -
246 1808 299 1864 Quae
319 1804 356 1845 uhi
375 1804 525 1859 conjunxeris,
551 1807 662 1846 auctorem
679 1804 747 1847 habes

102 1881 217 1931 loannem,
240 1866 352 1921 doctorem
371 1879 522 1931 christianum,
547 1892 632 1931 eorum,
657 1879 747 1933 quae'de

103 1947 214 2011 evangelio
236 1953 327 1995 tradidit
344 1953 377 2007 1),
407 1957 487 1996 testem
509 1955 623 1996 oculatum.
662 1954 747 1995 Eodem

101 2012 167 2070 modo
183 2027 276 2071 loann'es
295 2028 414 2083 Apostolus
431 2030 507 2084 primae
527 2028 634 2084 epistolae.
644 2041 688 2069 suae
703 2028 748 2069 lec-

103 2102 189 2144 toribus
210 2116 234 2143 se
253 2102 345 2144 indicat:
368 2096 381 2145 ‘o'
403 2094 530 2158 ἑωράκαμεν
553 2100 591 2145 καὶ
613 2094 747 2159 ἀκηκόαμεν,

104 2169 268 2233 ἀπαγγέλλομεν
287 2177 342 2234 ipio.
372 2175 515 2218 Notissimum
530 2178 574 2227 est,
597 2165 748 2217 morem‘esse

118 2341 137 2389 1)
150 2338 317 2386 Intelligendasuut
325 2342 356 2377 illa
366 2342 420 2377 rerba
428 2340 451 2377 de
463 2324 554 2391 ἀγράφῳ
562 2326 697 2390 κηρύγματι,
712 2351 748 2376 non

151 2408 173 2440 ut
182 2404 260 2450 Lampio
271 2404 347 2450 aliisque
355 2405 433 2451 placuit,
447 2404 470 2441 de
480 2407 573 2452 evangelio
582 2407 656 2452 scripto.
