1629 2818
334 95 336 97 ⁵
403 132 433 174 oo

151 267 284 323 Apocalypsi
298 264 356 308 nulla
366 265 441 308 inesse
454 249 546 322 vestigia
559 267 678 323 exegetica,
694 279 741 321 quae

35 350 37 352 ’
76 342 187 396 'tempori
203 340 325 382 definiendo
344 340 449 384 inservire
464 341 561 397 possint,
582 341 679 384 Guerikc
699 334 741 382 nu-

92 416 187 471 perrime
208 414 332 456 contendit:
359 419 394 467 at,
420 420 444 456 ut
466 414 527 456 Liike
549 415 595 470 jam
616 414 747 470 monstravit¹

93 490 157 543 (dini.
173 504 195 545 p.
209 488 256 530 257
270 488 340 544 sqq.),
362 503 388 531 re
407 503 482 544 parum
501 492 600 530 accurate
617 491 741 532 examinata.

93 565 172 607 Obstat
185 574 272 619 quoque
286 562 319 602 illi
338 563 452 604 sententiae
465 563 620 617 interpretum,
646 566 669 606 in
686 569 741 606 tem-

47 624 50 627 *
93 645 148 694 pore
167 633 311 691 computando
335 637 458 692 exegeticas
479 639 574 679 rationes
598 638 742 693 sequentium,
789 636 801 682 J

93 726 211 756 consensus
227 711 284 752 haud
302 715 399 767 exiguus.
430 711 541 764 (Neriton,
559 712 666 767 Hartwig‚
685 713 742 753 Her-

93 788 139 839 dcr,
154 786 235 841 Lange,
251 785 364 838 Berthold,
380 785 472 838 thler,
486 786 571 838 Etvald,
586 785 670 839 Liicke,
686 785 743 829 Pau·
795 782 796 785 '

92 864 126 904 lus
143 862 177 912 al,
194 861 287 912 sturio,
302 848 429 915 Eiclrcrnio,
444 860 536 915 Vegetio
549 860 669 902 etBleekio
685 859 743 900 haud

35 984 39 987 >
93 936 185 979 multum
200 936 399 992 dissentientibus).

153 1010 187 1052 Ne
197 1011 286 1051 incertae
301 1009 376 1050 forsan
390 1008 577 1063 interpretationis
596 1008 748 1070 subsidioputir

92 1085 212 1135 videamur,
236 1086 332 1125 nostram
353 1083 460 1138 temporis
475 1066 616 1144 ‘conputaudi
636 1083 743 1125 rationem

93 1160 143 1202 loco
162 1162 245 1199 tantum
268 1171 331 1212 quam
350 1158 442 1200 maxime
464 1142 582 1212 perspicuo
601 1157 742 1200 fundamento

93 1234 246 1288 superstruere
256 1231 279 1273 in
291 1233 361 1273 animo
374 1235 415 1282 est,
431 1232 502 1285 capite
510 1229 614 1273 nimirum
619 1230 741 1272 undecimo.

92 1308 160 1354 luco
175 1305 334 1359 Hierosolymae
354 1307 437 1347 ruinam
457 1307 540 1348 diserte
562 1305 653 1361 praedici
673 1304 703 1359 (v.
721 1305 742 1346 1.

74 1387 76 1410 ³
92 1382 113 1424 2.
128 1380 150 1422 8.
165 1379 216 1432 13),
239 1377 377 1432 manifestum
393 1383 433 1421 est.
465 1380 550 1435 Scripta
566 1380 634 1435 igitur
648 1382 683 1420 est
695 1380 743 1422 haec

50 1448 52 1453 ’
72 1444 75 1488 s
92 1454 209 1511 prophetia
223 1457 272 1493 ante
287 1452 461 1506 Hierosolymam
476 1454 590 1509 perditam,
604 1454 744 1509 viginti'fere

30 1551 35 1553 >
59 1523 72 1586 κ’
93 1528 153 1570 annis
167 1531 216 1568 aute
232 1513 385 1580 Evangelinmj
411 1526 520 1582 Tempus,
541 1542 583 1583 quo
598 1529 742 1584 Apocalypsis

92 1605 123 1646 sit
138 1603 230 1657 scripta,
253 1602 306 1657 quin
328 1602 375 1643 aliis
394 1601 480 1643 indiciis
500 1602 603 1644 adhibitis
622 1591 743 1645 accuratius

93 1678 164 1734 possit
179 1677 292 1727 constitui,
315 1691 358 1719 non
374 1677 504 1718 dubitamus.
539 1676 588 1718 Non
603 1678 677 1719 multis
693 1682 743 1720 ante

91 1752 252 1805 Hierosolymo}
265 1750 374 1791 excidium
388 1750 448 1791 aunis
464 1763 511 1791 cam
526 1763 575 1791 esse
589 1752 742 1805 consignatam,

10 1851 14 1861 κ.
93 1826 218 1868 vexationes
232 1825 306 1867 forsan
321 1824 449 1879 indigitant,
469 1817 599 1867 ludaeorum
613 1826 663 1867 odio
679 1826 742 1868 Chri-

93 1902 168 1943 stianis
184 1901 273 1942 inflictae
294 1899 329 1952 (2,
349 1900 370 1941 9.
391 1899 416 1951 3,
433 1900 465 1953 9).
503 1901 633 1955 Apostolum
648 1900 742 1944 Neronis

92 1975 285 2030 persequutionem
302 1975 396 2027 (decimo
412 1975 458 2029 ejus
474 1987 537 2025 anno,
553 1978 604 2029 post
617 1974 692 2016 Romae
708 1977 742 2017 in-

94 2050 203 2101 cendium)
216 2049 335 2103 respicere,
352 2062 379 2090 ex
394 2048 448 2090 locis
463 2050 502 2101 13,
517 2049 539 2089 7.
566 2049 606 2100 lo,
621 2050 642 2090 (t.
663 2049 704 2100 17,
720 2050 746 2098 o,

92 2123 132 2175 rs,
147 2121 183 2164 2o.
197 2122 282 2174 2419,
296 2122 318 2164 2.
335 2122 489 2176 ao,4c011.o‚
505 2124 527 2164 o.
542 2122 577 2165 1o.
593 2123 615 2176 7,
630 2123 666 2165 14.
680 2114 750 2165 recta

93 2198 174 2253 conjici
189 2199 251 2239 nobis
265 2197 357 2256 ridetur.
388 2197 445 2238 Belli
454 2197 538 2247 Judaici
547 2197 593 2252 jam
608 2198 691 2252 incepti
706 2211 742 2238 ve-

94 2273 160 2329 stigia
183 2274 202 2314 si
218 2273 241 2314 in
256 2272 388 2328 Apocalypsi
408 2272 474 2313 statui
495 2276 600 2327 possent,
623 2287 671 2314 eam
691 2277 765 2327 posta

91 2360 170 2390 aunum
183 2347 214 2389 oo
228 2346 309 2402 (Tacit.
320 2345 409 2398 lusto,
422 2346 461 2398 10)
477 2338 580 2401 scriptam
594 2346 741 2388 ostenderent.

93 2422 177 2475 Quibus
195 2422 334 2478 ponderatis,
347 2421 404 2464 haud
419 2420 541 2476 spernenda
557 2420 648 2479 videtur·
657 2419 702 2472 cie,
715 2419 751 2462 adv
785 2413 788 2415 ’
